2670 4836
426 496 584 568 ,Musm
619 496 910 553 ETONBNSES.
1111 480 1182 543 845

143 666 291 764 Anglia,
308 667 371 741 cui
390 667 531 743 victum
550 669 672 743 sundit
687 669 896 761 justissima
914 666 1024 740 tellus
1133 680 1179 742 45

144 806 332 881 Proventu
352 809 478 882 sulcos
496 832 661 897 onerans,
681 823 793 903 atque
814 808 937 882 horrea
957 809 1086 882 vincit.
1152 830 1155 835 ’

192 950 1182 1048 Quidmsjoresequar?quaecarminadignscelebrent

145 1064 321 1166 Ηετοιιιηἱ
336 1091 499 1165 illustres
517 1092 670 1175 animas,
689 1092 862 1165 acerrima
879 1093 1017 1168 corda?

144 1235 249 1327 Quid
265 1237 411 1307 referam
427 1235 578 1307 Henrici
592 1234 766 1328 stirpem?
784 1234 875 1327 quirl
893 1234 1042 1308 nomina
1053 1260 1183 1336 magns

144 1376 312 1450 Tudores
330 1378 442 1450 duros
461 1377 572 1464 bello,
591 1390 657 1448 aut
676 1390 725 1460 te,
747 1376 923 1461 neratde,
943 1379 1097 1475 nigranti
1136 1390 1184 1455 50

144 1519 360 1593 Terribilem
379 1518 527 1614 clypeo,
546 1518 611 1614 qui
634 1514 746 1590 Gallo
766 1518 885 1590 victor
902 1518 947 1591 ab
966 1517 1071 1593 hoste
1123 1530 1130 1539 '

147 1661 354 1734 Devinctos
373 1661 509 1754 triplici
529 1659 691 1733 ducebas
710 1658 889 1754 compede
905 1660 1036 1757 reges?

144 1801 366 1876 Femineum
385 1802 581 1896 imperium
600 1800 686 1896 quis
704 1800 814 1896 digne
832 1800 980 1890 scribet,
997 1800 1109 1877 Elisae

145 1942 374 2028 Consilium,
392 1957 458 2014 aut
479 1942 603 2014 Anuoe
623 1942 723 2012 victo
744 1938 906 2011 Lodoice
925 1942 1160 2037 triumphos?

146 2084 285 2180 Aspice
303 2085 415 2177 quem
435 2081 579 2176 plucidlr
596 2081 780 2177 dispergat
798 2079 882 2152 luce
902 2081 1051 2156 timores
1137 2100 1186 2163 55

142 2224 365 2321 Angligenis
382 2245 527 2316 semper
544 2222 691 2294 cultum
709 2246 928 2318 semperque
946 2225 1147 2303 colendum

145 2370 373 2443 Nassovium
387 2367 510 2440 sidus!
540 2368 605 2440 sed
619 2366 708 2464 qub,
726 2365 838 2439 Musa
852 2368 1029 2462 improba,
1043 2372 1185 2448 tendis?

148 2511 229 2584 Cur
247 2536 303 2583 res
320 2533 369 2582 ex
387 2512 464 2582 alto
482 2509 647 2604 repetis?
674 2507 761 2581 cnm
783 2509 951 2603 proxima
970 2512 1079 2585 turris

148 2653 335 2726 Vinsorioe
355 2674 490 2725 nomen
510 2650 651 2748 Georgi
671 2650 856 2744 laetosque
874 2675 1025 2725 sonores

151 2793 379 2888 lngeminat:
402 2791 516 2882 juxta
534 2788 748 2862 Tlramesini
768 2788 924 2863 flumina
942 2793 1055 2886 patris
1144 2798 1191 2871 60

157 2934 363 3028 Accipiunt
380 2944 521 3004 attenta
539 2930 682 3015 modos,
700 2944 736 3002 et
757 2931 905 3002 nomina
922 2934 1016 3031 regis

153 3071 323 3146 Offensae
342 3071 483 3142 circum
500 3071 592 3165 ripoe
610 3069 803 3166 collesque
819 3088 1044 3169 retorquent.

156 3216 244 3290 Ab!
274 3215 386 3302 certe,
408 3211 615 3309 Anglorum
634 3214 664 3286 si
684 3212 776 3307 quid
796 3214 857 3308 pia
875 3232 960 3287 vota
980 3217 1153 3303 valerent,

154 3358 192 3433 Si
212 3355 384 3454 precibus
402 3354 539 3427 scirent
560 3353 752 3427 hominum
773 3378 1028 3432 mansuescere
1056 3358 1195 3452 Percae,

156 3499 257 3573 Ante
274 3520 386 3570 suurn
409 3494 577 3568 l’boebus
593 3511 752 3568 cessaret
766 3496 903 3568 ducere
919 3518 1084 3584 cursum,
1149 3505 1195 3579 65

157 3640 284 3733 Quem
304 3655 340 3712 te
356 3638 591 3712 subtraheres
609 3638 812 3721 visu,·Rex
832 3643 987 3733 optime,
1007 3657 1146 3720 nostro.

162 3779 227 3867 Dr,
246 3791 436 3852 removete
451 3800 574 3861 omen,
594 3778 795 3874 pluresque
814 3779 1006 3877 benignior
1023 3807 1138 3859 anuos

155 3921 306 4017 Jupiter
322 3917 559 4004 accumulem
585 3919 756 3993 seucum
777 3922 924 3997 tandem
945 3924 1068 3998 invida
1087 3928 1157 4001 fata
