2670 4836
146 506 219 573 902
299 530 304 538 ·
435 503 568 561 MUSAE
598 497 889 557 E'PONENSES.

437 741 480 782 ex
501 741 628 783 nonem
652 739 698 780 ιι.
720 721 753 797 ζ.
776 739 806 780 s.
827 723 896 780 390.

149 858 296 930 Leycestcr.
1030 871 1055 906 s.
1069 870 1095 908 n.
1110 858 1187 910 nes

526 981 535 987 .
556 979 686 986 ---.-.-
707 977 827 986 ...ι-...-

49 1114 59 1127 ·
152 1075 257 1148 AEns·
280 1099 371 1147 cavo
389 1074 545 1170 telisque
562 1076 679 1171 gravis
699 1071 928 1170 fulgentibus
950 1069 1093 1160 Hector

199 1213 284 1288 Ibat
302 1215 340 1285 in
362 1214 556 1310 Argolicos
574 1229 699 1308 raptus
716 1214 760 1288 ad
779 1237 876 1285 arma
893 1212 1009 1283 duces
1027 1237 1036 1284 ι

151 1357 290 1431 Omine
309 1356 394 1431 cnm
415 1358 500 1429 belli
521 1359 618 1431 laevo
637 1358 848 1429 tremefacta
865 1356 1030 1427 cucurrit

201 1499 325 1573 Obvia
342 1499 490 1572 diffusis
509 1501 581 1571 fida
600 1500 728 1571 marita
745 1499 873 1570 comis.

151 1640 272 1716 Gutta
291 1659 448 1712 tremens
467 1641 587 1712 nitido
605 1656 785 1711 matronae
805 1638 939 1733 pendet
958 1638 1093 1724 ocello,
1170 1652 1202 1712 5·

202 1781 308 1855 Dum
328 1780 460 1876 premit
475 1741 520 1851 ad
539 1781 701 1874 trepidos
722 1780 953 1876 Astyanacta
969 1779 1090 1852 sinus,

154 1920 316 1995 Lumina
333 1919 531 2003 subd'nxit,
552 1921 754 2015 matrisque
773 1921 906 2017 refugit
924 1921 960 1991 in
980 1920 1101 2008 ulnas,

202 2062 304 2137 cnm
321 2063 461 2162 galeam
482 2065 592 2158 patris
612 2065 705 2135 vidit
723 2079 759 2135 et
778 2088 886 2147 arma,
907 2086 1008 2156 puer.

154 2206 313 2280 Subrisit
332 2220 418 2280 nato
434 2208 591 2303 genitor,
610 2206 701 2278 dum
720 2205 806 2278 talia
823 2206 951 2278 dicens

208 2351 333 2425 Haesit
352 2353 388 2422 in
411 2350 599 2424 Hectore&
617 2352 711 2448 regia
731 2350 895 2449 nympha
913 2372 1041 2422 manu.
1156 2358 1196 2420 le

157 2507 181 2540 “
198 2494 289 2585 Qun
304 2518 484 2588 properas,
499 2493 657 2588 conjux,
674 2493 775 2565 fortis
791 2466 908 2568 male?
927 2493 1019 2565 dura
1035 2489 1198 2587 capessis

147 2611 158 2628 ⁸
208 2646 232 2681 ‘⁸
251 2633 340 2707 Non
360 2634 428 2705 nisi
449 2659 511 2729 per
528 2647 664 2707 certam
681 2633 777 2705 bella
795 2632 977 2707 movenda
995 2655 1140 2707 necem.

159 2788 182 2824 “
200 2777 284 2850 Nee
303 2775 369 2849 tibi
389 2801 478 2849 cura
495 2790 587 2861 tuae,
605 2775 756 2874 indigno
774 2802 862 2873 qnae
881 2802 984 2853 serva
1002 2775 1118 2852 labori

209 2929 233 2963 “
252 2904 336 2990 Jam
356 2917 486 2990 viduas
504 2918 627 2990 abeam
646 2920 887 3014 suppositura
906 2944 1050 2996 manus.

35 3096 39 3103 ·
161 3073 184 3108 “
208 3063 264 3135 Te
283 3062 404 3135 solum
427 3085 537 3135 omne
557 3063 670 3135 simul
696 3064 790 3157 petit
813 3087 957 3159 agmen,
977 3064 1014 3136 in
1037 3064 1200 3143 Hectora

309 3201 444 3283 solum.

212 3356 235 3390 “
256 3343 478 3437 Composita
496 3342 644 3417 ultrices
663 3344 813 3420 Graecia
829 3348 953 3421 fundit
970 3373 1074 3443 opes.
1160 3353 1202 3425 16

162 3484 260 3570 “Di,
275 3508 400 3579 precor
412 3483 495 3570 hoc,
507 3485 642 3572 nesim,
654 3487 990 3581 sponsomoriente,
1002 3503 1204 3584 superstes3

214 3638 238 3668 “
257 3622 341 3696 Una
358 3624 436 3696 dies
455 3623 585 3722 Stygio
602 3626 739 3699 condat
757 3641 959 3722 utrumque
979 3626 1077 3702 lacu.

165 3778 189 3814 “
205 3765 293 3842 Non
309 3765 413 3849 mihi,
428 3767 494 3860 qui
510 3767 644 3853 foveat,
660 3784 761 3863 pater
774 3781 846 3853 est;
874 3793 948 3842 non
964 3771 1077 3844 anxia
1091 3782 1203 3843 mater

215 3921 240 3957 “
259 3907 435 4003 Decipiet
452 3908 592 3994 luctus,
610 3911 641 3983 si
661 3908 824 3996 moriare,
844 3933 957 3985 meos.
1158 3918 1202 3983 20
