2678 4830
370 531 503 588 nusae
527 531 818 589 brunenses·
1042 521 1116 594 299

185 716 295 813 Ξέρξης
311 716 413 788 {uiris
430 716 602 809 ἐμακάρισε,
619 718 701 812 μετὰ
716 721 745 791 δὶ
761 717 833 790 riiro
850 704 1000 818 ἔδᾶκρυσιζ

73 849 200 906 Bustard.
218 904 222 911 ,
242 818 247 827 ⁵
957 820 1124 910 Α.υ.1779.ι

467 1001 711 1012 ...u-m

71 1115 172 1203 ch,
193 1117 414 1194 Themesine
435 1137 545 1218 pater,
566 1125 659 1221 (ripa
677 1125 743 1198 tibi
764 1125 905 1218 saepius
921 1110 999 1197 vudb
1042 1080 1050 1097 θ

121 1255 218 1329 Nam
239 1272 374 1333 temere
393 1263 543 1356 ingenui
562 1263 783 1337 discubuere
801 1262 919 1357 chori)

13 1428 16 1433 ·
70 1394 169 1484 Quis
190 1421 289 1470 nunc
310 1414 344 1471 te
364 1400 495 1472 validis
513 1401 594 1473 fidit
613 1416 753 1476 tentare
771 1402 946 1476 lacertis?

119 1535 219 1627 Quis
238 1540 407 1635 princeps
427 1541 542 1614 vitreo
560 1542 709 1615 denatat
727 1567 832 1615 amne
852 1542 971 1636 puer?

69 1677 194 1767 Quem
209 1681 489 1770 juvet-'insidias
507 1683 638 1758 avibus
656 1683 855 1757 subtexere
874 1681 999 1756 visco?
1081 1696 1104 1755 ὁ

116 1816 240 1909 Quem
260 1846 323 1917 per
339 1823 447 1917 plana
465 1824 575 1918 pilam
590 1849 672 1898 rura
688 1824 908 1897 trochumve
922 1824 1053 1920 sequi?
1110 1831 1114 1839 '

65 1960 167 2054 Quae
188 1987 284 2036 nova
301 1966 491 2062 progenies
509 1968 635 2048 studio
652 1969 853 2042 succrescit
871 1969 1013 2054 eodem,

114 2103 160 2176 In
178 2105 304 2178 faciles
324 2106 429 2178 lusus
448 2107 622 2202 temporis
642 2132 706 2180 usa
724 2106 837 2204 fuga?
869 2128 880 2146 ·

62 2244 155 2341 Spes
174 2244 293 2318 brevis
308 2245 392 2330 bos,
412 2252 504 2319 vanu
521 2246 680 2318 deiectat
699 2247 856 2341 imagine
874 2245 978 2317 dives
994 2276 1004 2330 ;

87 2467 91 2472 ,
110 2383 286 2481 Votaque
304 2409 479 2459 successu
501 2385 559 2460 vel
579 2385 717 2482 potiora
736 2408 818 2458 suo.
946 2450 951 2460 .
1057 2395 1100 2461 10

60 2526 135 2601 His
153 2545 464 2626 vacuumpectus
482 2530 561 2603 sine
579 2553 702 2623 pravae
721 2528 910 2622 aspergine
929 2525 1019 2600 labis
1035 2556 1043 2611 ;

111 2668 186 2742 His
202 2691 297 2767 gena
316 2670 519 2768 lacrymulb
532 2671 609 2763 jam
628 2672 784 2744 caritura
803 2670 898 2743 brevi
915 2702 924 2756 ;

59 2808 136 2883 His
154 2810 290 2882 lasciva
307 2811 407 2882 salus
425 2811 635 2887 rubicundo
654 2811 809 2908 insignis
831 2811 980 2894 honore,

107 2951 155 3025 Et
174 2951 283 3050 largae
302 2952 436 3045 ingenii
457 2952 682 3024 luxuriantis
701 2975 803 3045 opes.

54 3093 163 3168 Dum
181 3107 330 3173 temere,
349 3093 417 3167 ab!
449 3092 543 3164 ludit
563 3091 705 3163 venturi
728 3091 932 3183 improvida
949 3092 1077 3186 pubes,

108 3234 280 3327 Qualiter
296 3249 379 3308 ante
397 3259 473 3307 aras
492 3232 642 3305 victima
661 3230 756 3303 ludit
774 3232 878 3316 ovis;
1050 3234 1093 3308 16

53 3376 143 3450 Non
164 3375 292 3470 procul
307 3375 476 3448 absentes
495 3376 598 3447 novit
616 3398 840 3469 praesumere
858 3398 975 3456 curas,
1092 3466 1096 3475 Ι

103 3517 357 3593 Crastinavix
378 3517 439 3589 fati
458 3515 550 3611 quid
568 3517 675 3588 vehat
698 3515 795 3598 hora,
818 3539 965 3590 memor.

53 3659 143 3735 Heu
160 3666 168 3732 !
199 3658 356 3731 volitant
375 3661 489 3730 denso
505 3658 625 3754 gravia
646 3657 844 3730 infortunia
863 3655 1003 3730 circirm
1102 3762 1108 3768 ι

103 3802 277 3900 Agmine,
296 3819 332 3872 et
350 3799 521 3872 humanis
538 3798 648 3871 Parca
663 3799 828 3870 ministra
847 3799 964 3874 malis.
992 3809 1040 3874 90

53 3943 123 4027 En,
137 3941 273 4037 praedae
288 3940 499 4036 invigilant:
520 3939 686 4012 homines
700 3939 767 4012 hos
779 3964 871 4029 esse,
880 3965 1092 4038 genusque,

104 4066 192 4159 Heu
211 4090 219 4157 !
251 4095 378 4156 natum
397 4082 442 4155 ad
458 4082 547 4156 ritae
562 4082 652 4156 dura
670 4083 827 4168 ferenda,
846 4106 967 4157 mone.
