2670 4836
434 517 570 575 MUSAE
593 514 880 575 ETONENSES·
1104 499 1175 567 985

139 687 227 763 Vim
246 687 427 783 propriam
446 690 549 762 dedit
568 690 637 774 lris,
657 702 695 762 et
713 689 861 762 turbida
877 689 987 763 corda
1002 686 1140 761 salubri

188 826 342 902 Utiliter
357 827 456 902 rabie
472 831 657 904 solicitare
678 832 780 906 sinit.

142 966 259 1057 Hinc,
278 969 387 1041 variis
406 971 542 1067 agitata
559 972 646 1043 ratis
664 995 733 1044 ceu
755 969 892 1044 labitur
908 971 1019 1055 auris,

192 1078 348 1209 Decipit
365 1128 403 1186 et
421 1115 565 1213 longam
584 1115 790 1201 mobiliuate
808 1116 919 1202 viam,

143 1254 205 1329 sic
227 1255 363 1351 peragit
383 1281 531 1328 cursum
551 1257 705 1369 propriis
722 1256 858 1329 variata
877 1253 1060 1350 procellis,
1135 1265 1182 1330 25

195 1397 327 1493 Atque
344 1400 466 1491 placet
485 1412 586 1474 motu
605 1402 683 1472 vita
700 1401 865 1473 animosa
882 1422 966 1474 suo.

146 1537 298 1612 Scilicet
317 1538 415 1626 inde,
433 1542 532 1636 gravi
551 1542 720 1614 stimulat
737 1542 826 1613 dum
845 1539 956 1614 corda
971 1538 1104 1623 lurore,

196 1654 368 1776 Belliger'i
387 1680 548 1754 ardorem
570 1683 729 1778 pectoris
748 1682 806 1756 Ira
823 1682 940 1777 parit;
990 1778 996 1793 ἱ

148 1821 243 1898 lude
263 1821 400 1913 Pudor,
420 1824 549 1899 ritreae
569 1841 738 1898 metuens
756 1823 951 1919 dispendia
967 1823 1088 1907 famae,

198 1965 338 2040 Nobile
356 1968 507 2040 virtutis
526 1971 700 2042 conscius
720 1985 823 2065 urget
841 1971 933 2052 iter;
1144 1972 1192 2041 80

153 2109 323 2183 Ambitio
341 2110 485 2207 dignam
506 2134 599 2194 sese,
619 2133 732 2205 quem
751 2125 888 2206 captat,
907 2112 1044 2185 honore

203 2252 375 2337 Praestat,
394 2267 430 2324 et
448 2267 504 2324 est
523 2252 615 2325 vitio
634 2253 827 2325 nobilitata
844 2278 940 2339 suo;

154 2397 333 2472 AEmulus
352 2410 406 2467 cst
428 2394 541 2468 Livor
557 2393 752 2490 probitatis
772 2394 902 2483 factus,
922 2393 1120 2490 habetque,

204 2539 321 2630 Quod
341 2537 451 2610 miser
468 2536 620 2610 alterius
638 2540 791 2623 viderat,
811 2541 890 2635 ipse
907 2539 1023 2613 decus
1038 2569 1047 2625 3

156 2679 204 2752 Et
221 2678 357 2775 rigidos
376 2676 497 2750 mollit
516 2700 646 2763 mores,
666 2678 830 2774 iramque
847 2692 1004 2765 serenat,
1150 2688 1197 2752 35

206 2821 254 2895 Et
272 2844 360 2916 quae
377 2820 606 2893 discruciant
622 2837 784 2913 pectora,
804 2822 896 2893 lenit
916 2821 1048 2894 Amor.

159 2964 220 3039 Sic
240 2964 303 3037 ubi
323 2964 456 3037 letit'eri
474 2965 617 3036 diversa
633 2986 778 3034 venena
795 2961 936 3057 saporis

210 3107 335 3181 Docta
354 3104 580 3180 Machaonib
597 3104 729 3177 miscet
746 3103 791 3174 ab
809 3115 884 3174 arte
907 3126 1051 3190 manus,

162 3248 307 3324 Toxica
325 3248 496 3322 dissimili
516 3248 612 3320 inter
628 3271 668 3318 se
687 3248 890 3343 pugnantia
910 3245 988 3316 viro

213 3391 355 3465 lunatae
373 3395 603 3487 extinguunt
621 3390 762 3462 semina
780 3413 888 3485 prava
907 3386 1020 3460 necis.
1156 3398 1203 3460 40
