2670 4836
145 525 213 591 152
452 533 585 591 MUSAE
618 533 907 594 montrum.

143 701 351 775 Externum
370 705 502 798 petiise
510 705 648 795 jubent
664 708 813 780 oracula
828 732 961 804 regem,

192 844 274 918 Nec
294 869 402 940 posse
420 843 618 942 Angliacas
637 849 779 944 sceptra
797 863 920 923 tenere
939 873 1079 923 manue.

143 985 290 1073 Audiit,
309 1001 346 1058 et
366 988 497 1083 patrias
516 990 686 1084 linquens
707 988 916 1064 Vilhelmus
933 1014 1057 1065 arenae

194 1125 357 1223 Turgida
375 1152 445 1200 non
466 1130 561 1202 laeva
578 1130 660 1200 vela
677 1132 833 1202 tetendit
851 1158 930 1206 ave.

143 1265 196 1340 Ut
215 1268 288 1339 late
306 1269 474 1364 ingentes
492 1268 729 1362 scopulorum
745 1269 927 1343 albescere
943 1285 1079 1345 tractus
1123 1280 1168 1344 26

193 1405 313 1491 Vidit,
331 1421 368 1479 et
386 1431 561 1501 aequorco
579 1407 685 1480 litora
701 1409 823 1480 cincta
841 1410 956 1484 vado:
1216 1378 1219 1383 ¹

143 1550 226 1622 Jam
247 1574 375 1621 navem
395 1547 582 1641 appellens
602 1562 718 1636 terrae,
738 1549 958 1643 trepidantia
974 1550 1107 1647 coepit,

194 1691 283 1764 Non
303 1706 422 1763 tamen
443 1689 613 1777 imbellis,
629 1690 739 1761 corda
756 1689 881 1763 subire
901 1715 1026 1786 pavor.
1049 1669 1055 1679 .

147 1832 368 1907 Panduntur
385 1844 513 1924 portus
528 1859 537 1913 ;
564 1829 761 1901 clamorem
780 1831 824 1901 ad
843 1832 962 1906 sidera
978 1833 1080 1906 tollit

195 1974 430 2073 Ingeminans
450 1973 578 2046 hilares
596 1973 687 2044 festa
705 1985 850 2046 caterva
867 1999 992 2049 sonos.
1134 1985 1185 2053 30

147 2115 261 2190 Haud
279 2139 387 2188 secus
406 2113 548 2187 AEnean
567 2114 769 2208 fugientem
787 2115 959 2187 incendia
975 2113 1103 2208 Trojae

197 2256 357 2353 Accepit
376 2257 522 2352 placido
540 2256 665 2329 debita
683 2270 773 2328 terra
790 2256 898 2329 sinu:

149 2397 264 2470 Haud
281 2421 389 2468 secus
408 2395 564 2468 extorris
582 2395 696 2488 patriai
713 2396 890 2489 quaesivit
908 2395 1069 2472 Acestes

197 2538 324 2611 Litora
343 2538 467 2610 nativo
485 2536 660 2608 fertiliora
674 2536 765 2611 solo.

148 2681 218 2754 llla
230 2679 396 2774 quidem,
410 2676 601 2773 Angliacis
615 2700 703 2770 quae
720 2691 767 2759 te,
781 2676 880 2763 Rex,
895 2624 1126 2772 attulimus,
1138 2694 1190 2762 35

198 2819 348 2913 Semper
365 2818 433 2890 erit
450 2817 537 2890 binal
555 2815 661 2888 laude
679 2817 842 2890 canenda
858 2817 952 2893 dies.

151 2963 252 3038 Ante
269 2962 347 3033 dies
366 2960 472 3033 nobis
490 2983 725 3055 nequaquam
742 2960 919 3057 ingloria;
946 2963 1108 3057 posthac

199 3104 341 3181 Clarior
357 3104 518 3178 adventu
537 3126 681 3198 semper
697 3101 864 3177 habenda
882 3115 962 3179 tuo.
