<?xml version="1.0" encoding="UTF-8"?>
<!DOCTYPE html PUBLIC "-//W3C//DTD XHTML 1.0 Transitional//EN"
    "http://www.w3.org/TR/xhtml1/DTD/xhtml1-transitional.dtd">
<html xmlns="http://www.w3.org/1999/xhtml" xml:lang="en" lang="en">
 <head>
  <title>
</title>
<meta http-equiv="Content-Type" content="text/html;charset=utf-8" />
  <meta name='ocr-system' content='tesseract 3.04.00' />
  <meta name='ocr-capabilities' content='ocr_page ocr_carea ocr_par ocr_line ocrx_word'/>
</head>
<body>
  <div class='ocr_page' id='page_1' title='image "./musetonensesseu00unkngoog_0211.png"; bbox 0 0 2670 4836; ppageno 0'>
   <div class='ocr_carea' id='block_1_1' title="bbox 147 518 905 589">
    <p class='ocr_par' dir='ltr' id='par_1_1' title="bbox 147 518 905 589">
     <span class='ocr_line' id='line_1_1' title="bbox 147 518 905 589; baseline 0.008 -9"><span class='ocrx_word' id='word_1_1' title='bbox 147 518 213 589; x_wconf 70' lang='lat'>199</span> <span class='ocrx_word' id='word_1_2' title='bbox 451 526 583 582; x_wconf 77' lang='lat' dir='ltr'>MUSAE</span> <span class='ocrx_word' id='word_1_3' title='bbox 615 528 905 586; x_wconf 79' lang='lat' dir='ltr'><strong>ETONENSES·</strong></span> 
     </span>
    </p>
   </div>
   <div class='ocr_carea' id='block_1_2' title="bbox 468 790 919 897">
    <p class='ocr_par' dir='ltr' id='par_1_2' title="bbox 468 790 919 897">
     <span class='ocr_line' id='line_1_2' title="bbox 468 790 919 897; baseline 0.013 -36"><span class='ocrx_word' id='word_1_4' title='bbox 468 790 536 892; x_wconf 64' lang='grc' dir='ltr'>Περὶ</span> <span class='ocrx_word' id='word_1_5' title='bbox 555 791 667 895; x_wconf 66' lang='grc' dir='ltr'><strong><em>πρῦλιν</em></strong></span> <span class='ocrx_word' id='word_1_6' title='bbox 683 794 873 897; x_wconf 65' lang='grc' dir='ltr'><strong><em>ὦρχῆσαντο.</em></strong></span> <span class='ocrx_word' id='word_1_7' title='bbox 916 843 919 849; x_wconf 89' lang='lat'><em>-</em></span> 
     </span>
    </p>
   </div>
   <div class='ocr_carea' id='block_1_3' title="bbox 145 945 1231 1017">
    <p class='ocr_par' dir='ltr' id='par_1_3' title="bbox 145 945 1231 1017">
     <span class='ocr_line' id='line_1_3' title="bbox 145 945 1231 1017; baseline 0.006 -18"><span class='ocrx_word' id='word_1_8' title='bbox 145 945 268 1001; x_wconf 80' lang='lat' dir='ltr'>Herdert.</span> <span class='ocrx_word' id='word_1_9' title='bbox 1032 971 1058 1002; x_wconf 77' lang='lat' dir='ltr'>r.</span> <span class='ocrx_word' id='word_1_10' title='bbox 1075 969 1099 1004; x_wconf 89' lang='lat' dir='ltr'>n.</span> <span class='ocrx_word' id='word_1_11' title='bbox 1114 957 1188 1007; x_wconf 72' lang='lat' dir='ltr'>rrtn.</span> <span class='ocrx_word' id='word_1_12' title='bbox 1223 1010 1231 1017; x_wconf 61' lang='grc'><strong>,</strong></span> 
     </span>
    </p>
   </div>
   <div class='ocr_carea' id='block_1_4' title="bbox 564 1120 761 1129">
    <p class='ocr_par' dir='ltr' id='par_1_4' title="bbox 564 1120 761 1129">
     <span class='ocr_line' id='line_1_4' title="bbox 564 1120 761 1129; baseline -0.005 -1"><span class='ocrx_word' id='word_1_13' title='bbox 564 1120 726 1128; x_wconf 54' lang='grc' dir='ltr'><strong>...ι’-...-</strong></span> <span class='ocrx_word' id='word_1_14' title='bbox 738 1122 761 1129; x_wconf 67' lang='grc'>,.,,</span> 
     </span>
    </p>
   </div>
   <div class='ocr_carea' id='block_1_5' title="bbox 143 1204 1187 2188">
    <p class='ocr_par' dir='ltr' id='par_1_5' title="bbox 143 1204 1187 2188">
     <span class='ocr_line' id='line_1_5' title="bbox 143 1204 1164 1332; baseline 0 -24"><span class='ocrx_word' id='word_1_15' title='bbox 143 1232 329 1316; x_wconf 63' lang='lat' dir='ltr'>Cuneus,</span> <span class='ocrx_word' id='word_1_16' title='bbox 349 1235 458 1331; x_wconf 85' lang='lat' dir='ltr'>quels</span> <span class='ocrx_word' id='word_1_17' title='bbox 475 1260 571 1331; x_wconf 88' lang='lat' dir='ltr'>opus</span> <span class='ocrx_word' id='word_1_18' title='bbox 589 1253 644 1310; x_wconf 90' lang='lat' dir='ltr'>est</span> <span class='ocrx_word' id='word_1_19' title='bbox 663 1204 833 1332; x_wconf 88' lang='lat' dir='ltr'>specioso</span> <span class='ocrx_word' id='word_1_20' title='bbox 854 1262 965 1325; x_wconf 87' lang='lat' dir='ltr'>ruore,</span> <span class='ocrx_word' id='word_1_21' title='bbox 985 1237 1164 1311; x_wconf 84' lang='lat' dir='ltr'>micantes</span> 
     </span>
     <span class='ocr_line' id='line_1_6' title="bbox 193 1378 1057 1474; baseline 0.001 -22"><span class='ocrx_word' id='word_1_22' title='bbox 193 1378 363 1452; x_wconf 82' lang='lat' dir='ltr'><strong>Molliter</strong></span> <span class='ocrx_word' id='word_1_23' title='bbox 380 1379 414 1450; x_wconf 92' lang='lat' dir='ltr'>in</span> <span class='ocrx_word' id='word_1_24' title='bbox 434 1403 629 1452; x_wconf 87' lang='lat' dir='ltr'>numerum</span> <span class='ocrx_word' id='word_1_25' title='bbox 649 1382 751 1463; x_wconf 86' lang='lat' dir='ltr'>ferre,</span> <span class='ocrx_word' id='word_1_26' title='bbox 771 1380 910 1463; x_wconf 81' lang='lat' dir='ltr'>referre,</span> <span class='ocrx_word' id='word_1_27' title='bbox 930 1380 1057 1474; x_wconf 85' lang='lat' dir='ltr'>pedes.</span> 
     </span>
     <span class='ocr_line' id='line_1_7' title="bbox 144 1520 1024 1619; baseline -0.002 -23"><span class='ocrx_word' id='word_1_28' title='bbox 144 1520 293 1607; x_wconf 85' lang='lat' dir='ltr'>Cedite,</span> <span class='ocrx_word' id='word_1_29' title='bbox 311 1522 467 1614; x_wconf 84' lang='lat' dir='ltr'>majores</span> <span class='ocrx_word' id='word_1_30' title='bbox 486 1524 607 1619; x_wconf 87' lang='lat' dir='ltr'>poscit</span> <span class='ocrx_word' id='word_1_31' title='bbox 625 1524 694 1596; x_wconf 83' lang='lat' dir='ltr'>sibi</span> <span class='ocrx_word' id='word_1_32' title='bbox 716 1523 865 1597; x_wconf 87' lang='lat' dir='ltr'>Graecia</span> <span class='ocrx_word' id='word_1_33' title='bbox 885 1523 1024 1606; x_wconf 83' lang='lat' dir='ltr'>laudes,</span> 
     </span>
     <span class='ocr_line' id='line_1_8' title="bbox 194 1663 934 1761; baseline -0.003 -23"><span class='ocrx_word' id='word_1_34' title='bbox 194 1663 335 1761; x_wconf 81' lang='lat' dir='ltr'>Aptius</span> <span class='ocrx_word' id='word_1_35' title='bbox 353 1678 509 1739; x_wconf 80' lang='lat' dir='ltr'>armatos</span> <span class='ocrx_word' id='word_1_36' title='bbox 528 1666 679 1738; x_wconf 91' lang='lat' dir='ltr'>instruit</span> <span class='ocrx_word' id='word_1_37' title='bbox 697 1666 758 1737; x_wconf 87' lang='lat' dir='ltr'>illa</span> <span class='ocrx_word' id='word_1_38' title='bbox 776 1667 934 1738; x_wconf 87' lang='lat' dir='ltr'>choros:</span> 
     </span>
     <span class='ocr_line' id='line_1_9' title="bbox 146 1803 1186 1902; baseline -0.001 -25"><span class='ocrx_word' id='word_1_39' title='bbox 146 1803 218 1902; x_wconf 80' lang='lat' dir='ltr'>(At</span> <span class='ocrx_word' id='word_1_40' title='bbox 238 1828 305 1876; x_wconf 87' lang='lat' dir='ltr'>nos</span> <span class='ocrx_word' id='word_1_41' title='bbox 324 1807 507 1902; x_wconf 81' lang='lat' dir='ltr'>virgineos</span> <span class='ocrx_word' id='word_1_42' title='bbox 522 1806 631 1898; x_wconf 85' lang='lat' dir='ltr'>juvat</span> <span class='ocrx_word' id='word_1_43' title='bbox 651 1806 873 1880; x_wconf 82' lang='lat' dir='ltr'>interludere</span> <span class='ocrx_word' id='word_1_44' title='bbox 890 1819 1029 1890; x_wconf 88' lang='lat' dir='ltr'>coetus,</span> <span class='ocrx_word' id='word_1_45' title='bbox 1167 1817 1186 1876; x_wconf 79' lang='lat'><em>5</em></span> 
     </span>
     <span class='ocr_line' id='line_1_10' title="bbox 196 1944 1107 2045; baseline -0.002 -25"><span class='ocrx_word' id='word_1_46' title='bbox 196 1946 299 2020; x_wconf 89' lang='lat' dir='ltr'>Dum</span> <span class='ocrx_word' id='word_1_47' title='bbox 319 1947 449 2043; x_wconf 87' lang='lat' dir='ltr'>probat</span> <span class='ocrx_word' id='word_1_48' title='bbox 468 1947 663 2045; x_wconf 84' lang='lat' dir='ltr'>Argolicos</span> <span class='ocrx_word' id='word_1_49' title='bbox 685 1947 795 2020; x_wconf 80' lang='lat' dir='ltr'>lllusn</span> <span class='ocrx_word' id='word_1_50' title='bbox 814 1973 940 2020; x_wconf 87' lang='lat' dir='ltr'>severa</span> <span class='ocrx_word' id='word_1_51' title='bbox 959 1944 1107 2041; x_wconf 83' lang='lat' dir='ltr'>modos)</span> 
     </span>
     <span class='ocr_line' id='line_1_11' title="bbox 144 2089 1187 2188; baseline -0.006 -24"><span class='ocrx_word' id='word_1_52' title='bbox 144 2090 391 2188; x_wconf 80' lang='lat' dir='ltr'>indignantur</span> <span class='ocrx_word' id='word_1_53' title='bbox 407 2091 507 2163; x_wconf 89' lang='lat' dir='ltr'>enim</span> <span class='ocrx_word' id='word_1_54' title='bbox 525 2091 569 2162; x_wconf 84' lang='lat' dir='ltr'>ad</span> <span class='ocrx_word' id='word_1_55' title='bbox 588 2089 764 2163; x_wconf 87' lang='lat' dir='ltr'>citharam</span> <span class='ocrx_word' id='word_1_56' title='bbox 785 2112 994 2185; x_wconf 89' lang='lat' dir='ltr'>vocemque</span> <span class='ocrx_word' id='word_1_57' title='bbox 1021 2109 1187 2160; x_wconf 84' lang='lat' dir='ltr'>canoram</span> 
     </span>
    </p>
   </div>
   <div class='ocr_carea' id='block_1_6' title="bbox 194 2229 1026 2331">
    <p class='ocr_par' dir='ltr' id='par_1_6' title="bbox 194 2229 1026 2331">
     <span class='ocr_line' id='line_1_12' title="bbox 194 2229 1026 2331; baseline -0.004 -24"><span class='ocrx_word' id='word_1_58' title='bbox 194 2232 421 2331; x_wconf 84' lang='lat' dir='ltr'>Grajugeuae</span> <span class='ocrx_word' id='word_1_59' title='bbox 441 2231 626 2327; x_wconf 87' lang='lat' dir='ltr'>implexos</span> <span class='ocrx_word' id='word_1_60' title='bbox 645 2232 852 2304; x_wconf 81' lang='lat' dir='ltr'>instituisse</span> <span class='ocrx_word' id='word_1_61' title='bbox 869 2229 1026 2327; x_wconf 86' lang='lat' dir='ltr'>gradus:</span> 
     </span>
    </p>
   </div>
   <div class='ocr_carea' id='block_1_7' title="bbox 69 2354 1187 4012">
    <p class='ocr_par' dir='ltr' id='par_1_7' title="bbox 69 2354 1187 4012">
     <span class='ocr_line' id='line_1_13' title="bbox 69 2354 1187 2475; baseline -0.006 -24"><span class='ocrx_word' id='word_1_62' title='bbox 69 2384 73 2391; x_wconf 84' lang='lat'><em>&#39;</em></span> <span class='ocrx_word' id='word_1_63' title='bbox 147 2378 263 2451; x_wconf 80' lang='lat' dir='ltr'>Arma</span> <span class='ocrx_word' id='word_1_64' title='bbox 272 2376 420 2475; x_wconf 73' lang='lat' dir='ltr'>juvant,</span> <span class='ocrx_word' id='word_1_65' title='bbox 435 2354 622 2468; x_wconf 80' lang='lat' dir='ltr'>fortesque</span> <span class='ocrx_word' id='word_1_66' title='bbox 634 2373 768 2447; x_wconf 85' lang='lat' dir='ltr'>decent</span> <span class='ocrx_word' id='word_1_67' title='bbox 781 2377 903 2471; x_wconf 83' lang='lat' dir='ltr'>gravia</span> <span class='ocrx_word' id='word_1_68' title='bbox 916 2397 1014 2445; x_wconf 87' lang='lat' dir='ltr'>arma</span> <span class='ocrx_word' id='word_1_69' title='bbox 1025 2371 1187 2452; x_wconf 65' lang='lat' dir='ltr'>lacertos</span> 
     </span>
     <span class='ocr_line' id='line_1_14' title="bbox 164 2513 1187 2629; baseline -0.008 -37"><span class='ocrx_word' id='word_1_70' title='bbox 164 2563 167 2570; x_wconf 90' lang='lat'>·</span> <span class='ocrx_word' id='word_1_71' title='bbox 194 2517 287 2592; x_wconf 87' lang='lat' dir='ltr'>Tela</span> <span class='ocrx_word' id='word_1_72' title='bbox 304 2531 435 2629; x_wconf 85' lang='lat' dir='ltr'>tonant</span> <span class='ocrx_word' id='word_1_73' title='bbox 454 2517 588 2612; x_wconf 88' lang='lat' dir='ltr'>rapidis</span> <span class='ocrx_word' id='word_1_74' title='bbox 610 2531 714 2602; x_wconf 83' lang='lat' dir='ltr'>torta,</span> <span class='ocrx_word' id='word_1_75' title='bbox 734 2530 880 2599; x_wconf 84' lang='lat' dir='ltr'>retorta,</span> <span class='ocrx_word' id='word_1_76' title='bbox 900 2513 1034 2586; x_wconf 88' lang='lat' dir='ltr'>modis.</span> <span class='ocrx_word' id='word_1_77' title='bbox 1149 2521 1187 2586; x_wconf 90' lang='lat'>10</span> 
     </span>
     <span class='ocr_line' id='line_1_15' title="bbox 147 2657 997 2760; baseline -0.013 -22"><span class='ocrx_word' id='word_1_78' title='bbox 147 2663 319 2738; x_wconf 75' lang='lat' dir='ltr'>Armatus</span> <span class='ocrx_word' id='word_1_79' title='bbox 340 2660 505 2760; x_wconf 86' lang='lat' dir='ltr'>Pyrrhus</span> <span class='ocrx_word' id='word_1_80' title='bbox 523 2659 654 2731; x_wconf 93' lang='lat' dir='ltr'>docuit</span> <span class='ocrx_word' id='word_1_81' title='bbox 671 2657 802 2730; x_wconf 83' lang='lat' dir='ltr'>saltare</span> <span class='ocrx_word' id='word_1_82' title='bbox 820 2670 997 2744; x_wconf 82' lang='lat' dir='ltr'>catervas,</span> 
     </span>
     <span class='ocr_line' id='line_1_16' title="bbox 196 2799 942 2904; baseline -0.012 -24"><span class='ocrx_word' id='word_1_83' title='bbox 196 2805 375 2904; x_wconf 81' lang='lat' dir='ltr'>Bellaque</span> <span class='ocrx_word' id='word_1_84' title='bbox 394 2803 560 2899; x_wconf 82' lang='lat' dir='ltr'>pacificis</span> <span class='ocrx_word' id='word_1_85' title='bbox 578 2801 777 2875; x_wconf 85' lang='lat' dir='ltr'>conciliare</span> <span class='ocrx_word' id='word_1_86' title='bbox 798 2799 942 2874; x_wconf 89' lang='lat' dir='ltr'>choris:</span> 
     </span>
     <span class='ocr_line' id='line_1_17' title="bbox 144 2940 1099 3038; baseline -0.009 -15"><span class='ocrx_word' id='word_1_87' title='bbox 144 2948 228 3023; x_wconf 90' lang='lat' dir='ltr'>Nec</span> <span class='ocrx_word' id='word_1_88' title='bbox 247 2970 359 3034; x_wconf 83' lang='lat' dir='ltr'>mora,</span> <span class='ocrx_word' id='word_1_89' title='bbox 377 2944 590 3018; x_wconf 87' lang='lat' dir='ltr'>constrictis</span> <span class='ocrx_word' id='word_1_90' title='bbox 607 2944 706 3017; x_wconf 87' lang='lat' dir='ltr'>acies</span> <span class='ocrx_word' id='word_1_91' title='bbox 725 2941 982 3038; x_wconf 87' lang='lat' dir='ltr'>splendescere</span> <span class='ocrx_word' id='word_1_92' title='bbox 1001 2940 1099 3029; x_wconf 88' lang='lat' dir='ltr'>telis,</span> 
     </span>
     <span class='ocr_line' id='line_1_18' title="bbox 196 3081 992 3183; baseline -0.011 -20"><span class='ocrx_word' id='word_1_93' title='bbox 196 3090 244 3165; x_wconf 85' lang='lat' dir='ltr'>Et</span> <span class='ocrx_word' id='word_1_94' title='bbox 262 3086 367 3163; x_wconf 85' lang='lat' dir='ltr'>velut</span> <span class='ocrx_word' id='word_1_95' title='bbox 384 3085 547 3183; x_wconf 88' lang='lat' dir='ltr'>oppositi</span> <span class='ocrx_word' id='word_1_96' title='bbox 567 3097 681 3158; x_wconf 85' lang='lat' dir='ltr'>marte</span> <span class='ocrx_word' id='word_1_97' title='bbox 699 3108 848 3157; x_wconf 84' lang='lat' dir='ltr'>movere</span> <span class='ocrx_word' id='word_1_98' title='bbox 863 3081 992 3155; x_wconf 90' lang='lat' dir='ltr'>duces.</span> 
     </span>
     <span class='ocr_line' id='line_1_19' title="bbox 144 3223 1183 3318; baseline -0.011 -15"><span class='ocrx_word' id='word_1_99' title='bbox 144 3227 244 3303; x_wconf 86' lang='lat' dir='ltr'>Tum</span> <span class='ocrx_word' id='word_1_100' title='bbox 261 3226 389 3302; x_wconf 78' lang='lat' dir='ltr'>subitd</span> <span class='ocrx_word' id='word_1_101' title='bbox 408 3225 590 3300; x_wconf 85' lang='lat' dir='ltr'>horrificis</span> <span class='ocrx_word' id='word_1_102' title='bbox 608 3250 791 3299; x_wconf 87' lang='lat' dir='ltr'>concussa</span> <span class='ocrx_word' id='word_1_103' title='bbox 804 3223 1006 3318; x_wconf 79' lang='lat' dir='ltr'>tragoribus</span> <span class='ocrx_word' id='word_1_104' title='bbox 1020 3248 1129 3312; x_wconf 80' lang='lat' dir='ltr'>arura,</span> <span class='ocrx_word' id='word_1_105' title='bbox 1148 3231 1183 3295; x_wconf 76' lang='lat'>15</span> 
     </span>
     <span class='ocr_line' id='line_1_20' title="bbox 193 3364 983 3465; baseline -0.004 -22"><span class='ocrx_word' id='word_1_106' title='bbox 193 3369 383 3465; x_wconf 85' lang='lat' dir='ltr'>Scutaque</span> <span class='ocrx_word' id='word_1_107' title='bbox 400 3366 559 3442; x_wconf 86' lang='lat' dir='ltr'>sublatis</span> <span class='ocrx_word' id='word_1_108' title='bbox 574 3365 727 3439; x_wconf 86' lang='lat' dir='ltr'>ensibus</span> <span class='ocrx_word' id='word_1_109' title='bbox 745 3364 819 3438; x_wconf 88' lang='lat' dir='ltr'>icta</span> <span class='ocrx_word' id='word_1_110' title='bbox 836 3379 983 3440; x_wconf 88' lang='lat' dir='ltr'>sonant.</span> 
     </span>
     <span class='ocr_line' id='line_1_21' title="bbox 148 3507 1115 3616; baseline -0.003 -34"><span class='ocrx_word' id='word_1_111' title='bbox 148 3507 256 3616; x_wconf 87' lang='lat' dir='ltr'>Quin</span> <span class='ocrx_word' id='word_1_112' title='bbox 273 3511 392 3585; x_wconf 88' lang='lat' dir='ltr'>varios</span> <span class='ocrx_word' id='word_1_113' title='bbox 411 3512 531 3584; x_wconf 91' lang='lat' dir='ltr'>iniens</span> <span class='ocrx_word' id='word_1_114' title='bbox 551 3534 695 3596; x_wconf 86' lang='lat' dir='ltr'>cursus,</span> <span class='ocrx_word' id='word_1_115' title='bbox 714 3509 912 3604; x_wconf 84' lang='lat' dir='ltr'>variosque</span> <span class='ocrx_word' id='word_1_116' title='bbox 929 3531 1115 3590; x_wconf 86' lang='lat' dir='ltr'>recursus,</span> 
     </span>
     <span class='ocr_line' id='line_1_22' title="bbox 199 3648 980 3745; baseline 0.005 -24"><span class='ocrx_word' id='word_1_117' title='bbox 199 3648 438 3745; x_wconf 82' lang='lat' dir='ltr'>Compositas</span> <span class='ocrx_word' id='word_1_118' title='bbox 455 3666 577 3727; x_wconf 87' lang='lat' dir='ltr'>servat</span> <span class='ocrx_word' id='word_1_119' title='bbox 595 3653 723 3726; x_wconf 82' lang='lat' dir='ltr'>martia</span> <span class='ocrx_word' id='word_1_120' title='bbox 743 3651 849 3726; x_wconf 86' lang='lat' dir='ltr'>turba</span> <span class='ocrx_word' id='word_1_121' title='bbox 867 3653 980 3725; x_wconf 87' lang='lat' dir='ltr'>vices.</span> 
     </span>
     <span class='ocr_line' id='line_1_23' title="bbox 147 3788 1157 3894; baseline 0.005 -31"><span class='ocrx_word' id='word_1_122' title='bbox 147 3788 264 3863; x_wconf 89' lang='lat' dir='ltr'>Nunc</span> <span class='ocrx_word' id='word_1_123' title='bbox 281 3794 391 3867; x_wconf 87' lang='lat' dir='ltr'>etiarn</span> <span class='ocrx_word' id='word_1_124' title='bbox 411 3796 522 3871; x_wconf 89' lang='lat' dir='ltr'>simili</span> <span class='ocrx_word' id='word_1_125' title='bbox 544 3810 693 3894; x_wconf 89' lang='lat' dir='ltr'>torquet</span> <span class='ocrx_word' id='word_1_126' title='bbox 709 3821 778 3869; x_wconf 85' lang='lat' dir='ltr'>sua</span> <span class='ocrx_word' id='word_1_127' title='bbox 795 3797 957 3870; x_wconf 83' lang='lat' dir='ltr'>membra</span> <span class='ocrx_word' id='word_1_128' title='bbox 976 3791 1157 3893; x_wconf 72' lang='lat' dir='ltr'>paloestrl,</span> 
     </span>
     <span class='ocr_line' id='line_1_24' title="bbox 200 3925 1186 4012; baseline 0 -7"><span class='ocrx_word' id='word_1_129' title='bbox 200 3925 428 4007; x_wconf 86' lang='lat' dir='ltr'>Monticolas</span> <span class='ocrx_word' id='word_1_130' title='bbox 447 3962 585 4012; x_wconf 83' lang='lat' dir='ltr'>acuens</span> <span class='ocrx_word' id='word_1_131' title='bbox 605 3936 723 4012; x_wconf 88' lang='lat' dir='ltr'>Indus</span> <span class='ocrx_word' id='word_1_132' title='bbox 738 3938 783 4010; x_wconf 83' lang='lat' dir='ltr'>ad</span> <span class='ocrx_word' id='word_1_133' title='bbox 801 3960 898 4010; x_wconf 83' lang='lat' dir='ltr'>anna</span> <span class='ocrx_word' id='word_1_134' title='bbox 915 3937 1045 4011; x_wconf 78' lang='lat' dir='ltr'>duces,</span> <span class='ocrx_word' id='word_1_135' title='bbox 1144 3937 1186 4005; x_wconf 70' lang='lat'>20</span> 
     </span>
    </p>
   </div>
   <div class='ocr_carea' id='block_1_8' title="bbox 0 0 1340 4836">
    <p class='ocr_par' dir='ltr' id='par_1_8' title="bbox 0 0 1340 4836">
     <span class='ocr_line' id='line_1_25' title="bbox 0 0 1340 4836; baseline 0 0"><span class='ocrx_word' id='word_1_136' title='bbox 0 0 1340 4836; x_wconf 95' lang='lat' dir='ltr'> </span> 
     </span>
    </p>
   </div>
  </div>
 </body>
</html>
