2670 4836
351 512 485 569 mnam
518 511 801 571 nronnnsns
1026 495 1097 576 969

66 680 287 755 Excludunt
306 683 399 756 vires
415 714 426 769 ς
452 687 626 758 minimos
644 711 777 782 nempe
795 687 857 760 ille
875 713 1042 767 recessus

65 821 285 918 Explorans,
304 826 404 896 omni
422 825 549 898 turrim
567 850 607 898 se
624 850 775 920 corpore
794 830 948 905 miscet:

64 961 149 1058 lpse
166 965 292 1049 etiam,
310 967 449 1037 arctata
465 968 666 1040 conclusus
683 968 782 1053 sede,
801 970 920 1044 aliena

64 1103 185 1179 Ocius
203 1105 372 1200 expellit,
390 1108 583 1202 victorque
600 1131 664 1202 per
678 1110 801 1182 omnia
818 1129 955 1209 regnat,

63 1244 116 1318 Nl
133 1243 212 1318 fbrs
230 1268 456 1339 compressas
474 1248 558 1318 data
575 1249 682 1344 copia
698 1250 849 1323 sundere
868 1253 974 1329 vires.
1055 1268 1103 1332 95

62 1386 242 1462 Machina
259 1390 312 1461 sic
331 1391 460 1483 patulo
478 1390 706 1464 'descendens
723 1416 785 1464 ore
802 1396 1028 1487 profundum

61 1530 152 1604 Non
169 1531 265 1604 bibit
281 1556 476 1617 oceanum,
493 1532 625 1605 frustra
642 1520 925 1612 obluctantibus
940 1541 1051 1614 undis

60 1672 162 1747 stara
178 1676 400 1747 conclusum
419 1674 613 1766 objiciens,
632 1675 849 1773 fluctusque
866 1682 1046 1777 repellens

60 1815 236 1890 Securum
255 1815 335 1912 figit
352 1817 525 1910 depresso
543 1818 580 1890 in
600 1841 777 1892 marmore
793 1821 932 1896 sedern.

58 1966 213 2042 Scilicet
229 1968 316 2040 hinc
335 1969 426 2040 imas
444 1968 518 2041 tuti
536 1967 736 2041 lustramus
754 1995 890 2060 arenas,
1054 1986 1102 2050 80

58 2110 112 2185 Et
129 2134 250 2183 rarum
267 2109 452 2206 aequoreis
466 2109 588 2200 jaceat
605 2112 862 2207 quodcunque
879 2114 1027 2189 latebris

57 2251 260 2338 Eruimus3
287 2251 399 2323 ssatus
417 2273 500 2322 nam
520 2248 647 2322 fistula
664 2264 787 2345 aperta
803 2250 966 2326 salubres

55 2391 234 2487 Desuper
251 2391 425 2479 infundit
444 2390 534 2463 dum
555 2404 667 2463 tetros
685 2391 797 2464 altera
814 2391 942 2466 odores

56 2532 187 2619 Elicit,
207 2532 369 2605 humano
385 2553 480 2626 quos
496 2529 641 2602 dudum
658 2531 811 2624 spiritus
829 2543 925 2604 aestu

56 2675 252 2764 Evomuit,
270 2687 492 2771 putremque
510 2674 639 2747 infecit
656 2674 804 2747 flamine
822 2675 970 2756 molem.
1052 2690 1099 2754 35

109 2816 216 2908 Quid
231 2818 393 2912 proprias
408 2839 608 2889 memorem
625 2815 759 2889 dotes?
788 2830 830 2888 ut
847 2817 993 2892 mobilis
1011 2818 1102 2893 illuc

56 2957 154 3036 Huc
173 2958 278 3032 fluat.
332 2954 502 3031 Alitibus
519 2955 619 3026 cedit
636 2953 842 3026 nitentibus
859 2960 931 3044 aer,

56 3102 110 3179 Et
128 3102 293 3198 liquidos
310 3101 425 3196 aperit
443 3099 566 3172 calles.
620 3096 681 3170 Sic
699 3097 811 3169 missa
829 3123 891 3192 per
907 3123 1013 3172 auras

57 3247 170 3324 Clara
187 3268 421 3343 repercussos
437 3244 582 3319 sonitus
600 3265 675 3315 vox
693 3241 825 3326 reddit,
843 3255 882 3314 et
897 3241 992 3314 echo

57 3385 1101 3491 Assouatingeminans;nequeenimsineilaminecantus
1131 3387 1136 3393 ’

57 3533 211 3627 Lingua
222 3533 342 3621 refert,
356 3530 604 3625 tremulaeque
615 3542 716 3625 patet
725 3529 784 3600 via
795 3527 907 3600 libera
920 3530 1001 3604 voci
1016 3559 1025 3615 ;
1054 3542 1097 3607 lt

56 3677 117 3753 At
134 3677 261 3750 clausa
279 3676 317 3747 in
335 3698 455 3749 vacuo
471 3674 619 3746 nullum
637 3694 814 3766 campana
830 3696 998 3745 sonorem

57 3820 142 3894 Icta
160 3818 275 3905 dabit,
293 3819 524 3913 mistumque
542 3816 676 3888 nitrato
693 3813 846 3908 pulvere
862 3813 1020 3908 sulphur

54 3959 132 4034 Vel
151 3962 306 4037 min-imo
324 3962 427 4035 feriet
445 3983 577 4037 nervos
594 3981 796 4052 auremque
811 3957 961 4054 fragore.
