2670 4836
437 554 569 612 MUSAE
599 548 888 615 mononem:
1131 540 1175 607 91

232 802 309 844 ΤΕΝΙ
324 802 388 844 mo
404 804 447 846 UT
463 805 619 848 Accn‘un
635 806 754 864 Leues,
768 809 978 858 Tonousslusu
993 810 1079 855 omn

231 924 460 969 souclwmne
474 927 685 970 ms'rmc'ruu.

175 1029 241 1103 regie.
619 1038 624 1051 ⁸
891 1042 898 1049 ’
1022 1060 1088 1098 Μ).
1101 1052 1178 1102 mo.

172 1285 340 1367 Fuscum
360 1293 486 1389 tepido
502 1297 624 1391 capiat
641 1297 670 1368 si
690 1296 821 1369 villula
839 1308 951 1385 tecto,

171 1425 389 1529 obscureque
407 1434 524 1507 latens
541 1436 657 1509 fundo
672 1435 819 1522 domus,
838 1461 879 1509 ac
899 1438 1067 1534 proprius
1085 1437 1160 1524 ler3

169 1567 235 1643 Non
250 1573 339 1647 mihi
359 1597 485 1647 mensa
503 1577 625 1648 nitens
643 1578 860 1671 persuadeat
876 1580 1004 1652 ordine
1022 1602 1166 1665 vasum,

167 1706 207 1781 Ut
218 1713 363 1808 grandes
381 1729 588 1809 permutem
607 1719 749 1812 epulas,
769 1719 967 1816 lancesque
984 1721 1160 1816 superbas
1228 1728 1233 1740 “

165 1848 388 1953 imperim,
403 1857 562 1952 dapibus
574 1882 669 1953 quas
681 1884 789 1955 coene
803 1863 1006 1935 domestica
1020 1863 1175 1958 praebet.

161 1991 319 2084 Quantus
332 2020 430 2070 enim
445 1996 609 2094 hospitio
628 2000 778 2074 laboret
794 2026 881 2076 cure
896 2003 1020 2076 obstat
1032 2005 1175 2100 agmti

158 2132 373 2234 Accipe-Si
393 2140 514 2213 dicem
533 2153 730 2214 venturum
749 2163 807 2214 me
825 2142 901 2214 fore
919 2153 1020 2214 certo

154 2275 351 2355 Promissus
368 2283 527 2355 conviva
544 2282 604 2354 die
623 2280 704 2367 tibi,
723 2291 900 2374 protenus
917 2278 1066 2352 o'mnem

152 2420 330 2497 Exornsre
345 2424 497 2497 domum
514 2448 645 2509 cursu
671 2447 718 2496 ne
734 2423 834 2495 foeda
851 2424 984 2495 canino

148 2563 307 2640 Stercore
319 2565 514 2662 displiceat
528 2565 618 2639 mihi
635 2568 812 2662 porticus,
825 2578 889 2637 aut
903 2566 999 2638 male
1013 2563 1107 2638 fricti
1131 2574 1175 2638 10
1246 2674 1249 2683 ¹

147 2700 331 2791 crateres:
359 2728 434 2779 neu
451 2706 537 2779 trita
552 2719 678 2804 tegant
694 2705 876 2778 velamina
895 2704 1025 2789 seilas;

144 2846 224 2921 Neo
243 2845 386 2922 circiim
404 2848 561 2922 intectas
577 2847 781 2943 suspendat
798 2870 926 2920 aranea
946 2845 1047 2919 telas.

145 2984 318 3084 Denique
333 2987 422 3060 esim
441 2988 573 3060 misero
590 2999 716 3059 curata
733 2987 776 3058 ad
796 2985 923 3057 limina
936 2997 1089 3057 ventum
1103 2999 1172 3074 est,

143 3125 214 3202 Tot
230 3129 337 3217 ritus,
355 3141 499 3201 tentum
518 3149 665 3223 pompae
685 3125 820 3222 hospes
836 3137 987 3220 praestot
1005 3124 1136 3211 inanis,

143 3267 257 3369 Regis
272 3271 413 3368 legatos
429 3285 571 3367 quanto
589 3271 653 3343 vix
671 3268 814 3365 exeipit
831 3268 927 3343 aula.
1128 3283 1172 3346 15

144 3409 233 3487 Post
250 3411 333 3487 haec
349 3413 517 3487 inflatum
537 3411 694 3507 dapibus
712 3412 875 3506 vinoque
893 3412 1038 3485 reducit

142 3551 312 3652 Hospitis
327 3555 485 3628 officiosi
504 3567 541 3626 et
559 3554 679 3653 longae
696 3577 831 3626 nausea
849 3574 985 3626 coenae.

186 3692 242 3768 At
258 3695 288 3767 si
304 3696 397 3769 forte
414 3696 526 3769 velim
544 3707 668 3769 tantos
684 3696 822 3791 fugisse
837 3675 1039 3778 tu'multus,

141 3837 177 3911 Si
194 3838 344 3913 subitus
362 3839 507 3912 veniam
525 3838 695 3925 conviva,
712 3834 825 3909 simul
843 3860 955 3932 prope
973 3848 1116 3910 tectum

141 3978 359 4073 Tendimus,
371 3984 468 4081 eque
482 3982 541 4057 vii
549 3982 626 4074 jem
640 3980 751 4056 rheda
765 3979 970 4055 videturad
983 3979 1087 4057 aedes
1119 3991 1170 4057 90
