2670 4836
167 505 240 569 908
453 521 586 577 MUSAE
617 519 742 575 ETON
749 520 810 575 EN
817 520 909 577 SES.

163 703 186 736 “
207 690 286 764 Vos
306 690 410 766 Dirae
430 692 591 777 ultrices,
610 694 757 765 meritas
777 692 850 764 huc
870 691 1003 762 vertite
1021 713 1160 786 poenas,

210 843 233 876 “
253 832 314 904 Ne
332 834 473 907 caedem
490 835 683 931 geminans
701 834 836 932 hospes
855 831 999 906 inultus
1018 847 1091 906 eat.

158 984 181 1017 “
200 973 353 1048 Scilicet
370 976 441 1049 hoc
461 977 609 1051 merui?
636 977 834 1071 depulsum
853 975 938 1048 sede
956 978 1108 1069 paterna

206 1128 230 1160 “
249 1116 391 1213 Excepi
410 1149 419 1202 ;
447 1119 484 1190 in
503 1119 605 1191 tantlt
622 1119 702 1191 labe
722 1118 839 1211 pidcla
855 1113 979 1190 dedi.’'

156 1257 298 1332 Interea
319 1273 477 1332 moestus
495 1261 675 1333 comitum
696 1271 920 1354 processerat
934 1258 1047 1343 ordo;
1148 1268 1194 1345 26

206 1397 404 1487 Adrastus,
423 1399 594 1497 lacrymis
612 1398 811 1495 grandibus
828 1424 890 1471 ora
908 1398 1040 1496 rigans,

156 1543 193 1616 It
212 1544 324 1618 tristis
341 1574 349 1627 ;
377 1543 478 1616 foedo
494 1543 692 1615 stillantem
712 1542 891 1638 sanguine
909 1540 1080 1613 dextram

125 1686 128 1691 ’
201 1683 350 1767 Tendit,
368 1701 405 1757 et
424 1685 620 1778 amplexus
639 1684 813 1780 languida
829 1708 952 1778 genua
970 1684 1106 1778 patris;

154 1838 177 1872 “
198 1828 268 1911 Eu,
286 1827 447 1921 supplex
468 1829 603 1910 veni0;
630 1829 793 1899 mortem'
805 1827 933 1924 largire
952 1827 1117 1921 precanti
1133 1856 1144 1913 ;

203 1981 225 2012 “
248 1970 333 2042 Hoc
352 1971 463 2043 etiam
483 1972 612 2066 pietas,
632 1969 704 2043 hoc
723 1970 817 2043 bene
836 1972 957 2065 poscit
976 1971 1088 2066 Atys.
1145 1983 1193 2049 30

152 2120 176 2154 “
195 2110 258 2184 Sat
276 2111 376 2183 curis
395 2112 561 2206 vitaeque
579 2113 709 2184 datum
726 2127 782 2184 est
800 2142 808 2196 ;
836 2112 892 2184 bis
911 2113 1092 2210 sanguine
1110 2114 1192 2187 fuso

202 2263 224 2294 “
246 2251 356 2324 Hanc
374 2251 500 2324 videor
518 2251 649 2325 saltem
668 2252 912 2346 promeruisse
931 2249 1099 2326 necem.'’

152 2391 342 2465 Commoti
362 2392 460 2462 cadit
480 2391 529 2463 ira
548 2393 678 2485 patris:
707 2392 902 2465 clementia
921 2393 1058 2466 sensim

200 2533 358 2607 Lenibat
377 2533 531 2627 placidis
549 2533 659 2606 effera
676 2536 785 2609 corda
803 2535 935 2609 modis.

147 2674 235 2749 Non
255 2676 366 2746 animi
384 2688 505 2746 tamen
522 2675 723 2748 Adrastum
740 2676 912 2749 cohibere
927 2677 1116 2751 tumultus
1142 2690 1188 2755 35

144 2850 148 2857 ·
196 2814 286 2888 Fata
304 2815 434 2887 sinunt
451 2845 460 2900 ;
487 2815 614 2887 luctus
632 2808 739 2889 corda
757 2816 952 2912 pudorque
973 2832 1138 2892 movent.

145 2954 284 3032 Umbra
302 2958 414 3031 simul
433 2959 521 3033 caesi
541 2975 702 3032 ostentat
718 2961 788 3032 sub
808 2975 956 3055 pectore
975 2960 1128 3047 vulnus,

195 3098 288 3172 Visa
305 3100 371 3172 viri
392 3099 508 3172 lentas
528 3066 755 3194 increpuisse
774 3123 904 3173 moras,

147 3241 271 3331 Irruit‚
289 3256 327 3314 et
345 3243 423 3315 laesi
445 3244 634 3315 tumulum
655 3242 876 3337 complexus
893 3243 1002 3315 amici

197 3386 340 3470 Haeret,
358 3398 395 3457 et
414 3385 482 3458 hos
500 3386 657 3458 moriens
676 3386 740 3457 vix
761 3385 873 3457 trahit
890 3409 951 3457 ore
967 3408 1093 3457 sonos.
1136 3397 1183 3460 40

144 3524 282 3616 “Quid
294 3526 405 3597 vitain
421 3549 538 3598 moror
549 3526 728 3599 invisam?
743 3522 1182 3623 simulibimus‚''inquit;

192 3677 215 3710 “
235 3666 289 3739 Te
306 3691 450 3762 sequar,
469 3670 548 3764 ipse
566 3684 643 3742 tuae
661 3693 774 3743 causa
791 3692 993 3764 comesque
1011 3664 1152 3743 necis.”
