2670 4836
144 478 193 573 60
442 505 576 563 unsa
608 502 891 563 nnossusns.

147 687 172 721 “
193 672 270 748 Hic
288 677 353 771 qui
373 678 603 751 tremendum
624 700 758 750 nornen
776 676 815 747 in
834 672 984 747 ultimas

150 820 173 854 “
192 813 374 887 Extendit
390 839 482 901 oras,
501 816 567 910 qui
585 809 743 887 domitas
759 813 839 886 solo

248 966 272 999 “
291 954 473 1052 AEquavit
491 956 610 1043 urbes,
628 969 665 1029 et
681 955 878 1028 subactum

297 1105 322 1141 “
339 1096 575 1194 ingeminans
592 1097 673 1169 sine
690 1095 763 1169 fine
779 1093 902 1169 clades

152 1245 175 1280 “
193 1236 371 1313 vastabat
388 1237 527 1329 orbern,
546 1262 698 1335 parcere
710 1239 872 1323 nescius,

152 1390 176 1424 “
197 1380 447 1479 (Quicunque
464 1406 583 1457 rerum
604 1385 783 1457 terminus
800 1381 947 1456 obstitit

249 1533 273 1566 “
294 1522 388 1597 Late
404 1525 571 1621 furenti),
588 1527 654 1620 qui
674 1526 837 1599 revincta

298 1674 322 1708 “
341 1663 535 1739 Barbarico
552 1665 646 1760 pede
664 1666 759 1739 colla
776 1686 903 1762 regum

152 1816 176 1852 “
195 1803 427 1880 Premebat.”
477 1806 538 1880 Illi
557 1830 657 1881 nunc
676 1808 801 1902 patriis
813 1807 942 1899 jacent

153 1945 250 2022 Laeti
269 1947 464 2041 sepulcris,
481 1960 521 2021 et
537 1947 668 2044 procul
686 1948 803 2042 impio

252 2085 424 2162 Clamore
439 2089 702 2185 victorumque
720 2089 851 2161 turmis

298 2229 474 2327 Quisque
490 2230 559 2303 sua
575 2227 774 2326 requiescit
792 2224 896 2303 urul.

153 2351 208 2447 At
226 2383 263 2443 te
279 2370 403 2442 silenti
421 2394 462 2442 se
477 2371 615 2465 gremio
633 2383 741 2465 negat

154 2507 286 2583 Celare
303 2506 414 2579 tellus
430 2535 441 2592 ς
469 2508 560 2602 quin
579 2507 738 2580 lacerum
752 2507 858 2599 jaces

252 2646 433 2733 Cadaver,
450 2646 615 2734 infletus,
634 2650 785 2744 tuisque

299 2787 371 2863 Vel
389 2789 545 2863 canibus
561 2789 732 2885 rapienda
750 2789 885 2884 praeda.

154 2934 277 3008 Odere
292 2946 422 3032 gentes
439 2946 488 3023 te,
507 2933 597 3030 quia
613 2934 750 3006 ferreus

153 3076 418 3174 Superbiebas;
447 3089 496 3162 te,
514 3077 603 3173 quia
620 3074 809 3170 supplices

252 3214 408 3302 Audire,
426 3229 464 3287 et
482 3215 623 3289 inflecti
644 3213 865 3311 precantum,

299 3354 508 3429 Luctisono
524 3355 665 3451 gemitu
686 3355 854 3453 negabas.

152 3497 208 3571 At
223 3521 248 3569 ο
264 3496 378 3570 soluti
397 3495 554 3568 claustra
571 3519 635 3591 per
652 3496 796 3573 horrida

152 3641 325 3720 Gaudete
340 3663 442 3736 reges
458 3669 468 3725 ;
494 3640 633 3737 surgite
650 3639 754 3713 liberi
770 3670 780 3725 ;

248 3781 481 3877 stringantur
497 3807 603 3857 enses
619 3812 628 3868 ;
656 3783 859 3882 impiaque

298 3930 492 4030 Reliquias
509 3936 654 4013 abolete
669 3936 803 4034 gentis.
