2670 4836
374 550 508 607 MUSAE
532 550 819 608 ETONENSES·
1043 534 1111 602 941

94 831 181 874 HENS
202 832 355 874 VBGETAM
377 833 412 873 SE
433 833 476 874 An
499 834 722 876 SOMNIANDUM
745 834 919 884 scandona
941 834 1087 879 PRAEBET·

118 968 199 1023 Here.
958 995 984 1029 Δ.
997 991 1024 1030 n.
1039 979 1115 1031 1764.

81 1284 144 1361 Ur
164 1312 223 1362 ure
239 1290 399 1365 delectat
415 1294 526 1391 gelidi
547 1319 659 1389 prope
678 1318 864 1368 murmura
881 1296 992 1368 fontis

133 1425 325 1503 Straminis
343 1434 481 1528 exiguo
499 1434 663 1506 culmine
680 1449 778 1507 tecta
792 1437 947 1510 domus!

85 1567 186 1642 Pana
204 1571 295 1643 milri
312 1576 406 1646 ruris
424 1575 618 1647 dominum
637 1577 865 1671 comitesque
887 1575 1070 1650 Camenas

136 1710 225 1783 Rite
245 1737 392 1796 vocans,
408 1716 513 1787 cultu
534 1716 758 1809 simpliciore
776 1717 883 1790 fruar.

86 1850 194 1942 Quin
214 1853 277 1925 ubi
297 1855 332 1925 vi
352 1858 492 1951 magica
510 1858 724 1953 languentes
742 1858 884 1931 claudit
897 1859 1039 1933 ocellos
1101 1868 1123 1932 5

136 1991 249 2091 Virga
264 1997 452 2087 soporiferi
473 1997 588 2067 tincta
606 1997 748 2090 liquore
767 1997 891 2081 laclls3

91 2131 260 2207 Membra
279 2134 366 2207 licet
384 2136 485 2207 molli
501 2136 649 2226 jaceant
667 2152 811 2230 torpore
828 2138 962 2224 soluta,

140 2269 302 2343 Lumina
321 2270 486 2344 Lethaeis
504 2274 597 2344 fessa
615 2287 825 2366 premantur
842 2275 969 2367 aquis;

91 2411 204 2486 Mens
223 2426 345 2485 tamen
364 2413 551 2499 indefessa,
570 2429 607 2484 et
625 2413 669 2485 ab
688 2415 788 2485 omni
807 2413 919 2485 libera
936 2413 1073 2497 vinclo,

143 2554 318 2627 Nativam
338 2554 487 2628 affectat
506 2580 648 2651 praepes
665 2558 709 2628 ad
728 2570 821 2628 astra
840 2558 948 2629 viam.
1087 2565 1131 2629 10

94 2696 297 2791 Splendida
312 2722 395 2769 nam
415 2698 544 2794 vigiles
563 2714 769 2793 pertentant
786 2702 930 2772 somnia
946 2724 1089 2783 senene,

145 2838 193 2911 Et
210 2863 320 2935 sopor
338 2840 474 2936 ingenii
494 2839 614 2911 dulcis
632 2864 789 2911 acumen
807 2841 884 2911 alit.

98 2978 168 3053 Per
185 2980 312 3079 Styga,
332 3005 394 3075 per
413 2981 591 3067 tenebras,
612 2981 779 3077 Orcique
799 2942 973 3075 impertis
990 2981 1084 3053 vivis

149 3122 287 3203 Litora,
305 3119 610 3218 caeruleapuppe
623 3120 823 3194 Charontis
842 3146 937 3217 agor.

100 3260 289 3335 Interdum
311 3287 374 3354 per
392 3267 501 3338 inane
519 3263 617 3349 vol0‚
636 3287 704 3333 nec
722 3261 916 3354 splendida
933 3259 1017 3331 coeli
1093 3271 1135 3333 ld

150 3403 369 3501 Conspectu
387 3430 563 3503 superum
581 3406 737 3502 denegat
755 3405 839 3478 aula
855 3404 1000 3477 Jovem.

102 3545 208 3637 Quin
226 3547 288 3619 ubi
309 3548 536 3622 Baccharum
550 3548 711 3643 gemitus
727 3545 935 3639 laetumque
952 3544 1138 3615 ululatum

152 3687 353 3761 Attonitus
371 3689 497 3762 refluis
514 3689 642 3759 audiat
664 3685 814 3757 Hebrus
832 3685 952 3780 aquiS,

105 3828 196 3901 Fida
212 3831 413 3904 racemiferi
434 3831 592 3926 pingunt
612 3827 699 3899 milri
721 3825 862 3916 somnia
882 3823 971 3898 Divi

155 3967 281 4069 Orgia,
301 3970 478 4043 terrificos
494 3995 567 4042 aare
585 3970 704 4041 ciente
723 3990 846 4039 sonos.
1097 3974 1144 4031 alr

107 4136 193 4185 VOL.
217 4136 246 4183 l.
614 4134 635 4180 ll
