<?xml version="1.0" encoding="UTF-8"?>
<!DOCTYPE html PUBLIC "-//W3C//DTD XHTML 1.0 Transitional//EN"
    "http://www.w3.org/TR/xhtml1/DTD/xhtml1-transitional.dtd">
<html xmlns="http://www.w3.org/1999/xhtml" xml:lang="en" lang="en">
 <head>
  <title>
</title>
<meta http-equiv="Content-Type" content="text/html;charset=utf-8" />
  <meta name='ocr-system' content='tesseract 3.04.00' />
  <meta name='ocr-capabilities' content='ocr_page ocr_carea ocr_par ocr_line ocrx_word'/>
</head>
<body>
  <div class='ocr_page' id='page_1' title='image "./musetonensesseu00unkngoog_0273.png"; bbox 0 0 2670 4836; ppageno 0'>
   <div class='ocr_carea' id='block_1_1' title="bbox 227 537 969 621">
    <p class='ocr_par' dir='ltr' id='par_1_1' title="bbox 227 537 969 621">
     <span class='ocr_line' id='line_1_1' title="bbox 227 537 969 621; baseline -0.005 -14"><span class='ocrx_word' id='word_1_1' title='bbox 227 537 300 609; x_wconf 76' lang='lat'>956</span> <span class='ocrx_word' id='word_1_2' title='bbox 512 548 645 605; x_wconf 73' lang='lat' dir='ltr'>uasa</span> <span class='ocrx_word' id='word_1_3' title='bbox 678 547 969 621; x_wconf 78' lang='lat' dir='ltr'>aronnusns.</span> 
     </span>
    </p>
   </div>
   <div class='ocr_carea' id='block_1_2' title="bbox 223 718 1060 2362">
    <p class='ocr_par' dir='ltr' id='par_1_2' title="bbox 226 718 999 951">
     <span class='ocr_line' id='line_1_2' title="bbox 226 718 999 814; baseline 0.005 -25"><span class='ocrx_word' id='word_1_4' title='bbox 226 718 310 791; x_wconf 88' lang='lat' dir='ltr'>Jam</span> <span class='ocrx_word' id='word_1_5' title='bbox 327 743 368 791; x_wconf 80' lang='lat' dir='ltr'>se</span> <span class='ocrx_word' id='word_1_6' title='bbox 384 719 534 791; x_wconf 88' lang='lat' dir='ltr'>beatum</span> <span class='ocrx_word' id='word_1_7' title='bbox 552 744 636 793; x_wconf 86' lang='lat' dir='ltr'>rure</span> <span class='ocrx_word' id='word_1_8' title='bbox 654 721 815 793; x_wconf 87' lang='lat' dir='ltr'>clamans</span> <span class='ocrx_word' id='word_1_9' title='bbox 834 719 999 814; x_wconf 83' lang='lat' dir='ltr'>Alpbius</span> 
     </span>
     <span class='ocr_line' id='line_1_3' title="bbox 274 851 935 951; baseline -0.002 -17"><span class='ocrx_word' id='word_1_10' title='bbox 274 861 417 934; x_wconf 90' lang='lat' dir='ltr'>Nidum</span> <span class='ocrx_word' id='word_1_11' title='bbox 435 863 689 936; x_wconf 84' lang='lat' dir='ltr'>suburbanum</span> <span class='ocrx_word' id='word_1_12' title='bbox 708 865 820 951; x_wconf 84' lang='lat' dir='ltr'>fovet,</span> <span class='ocrx_word' id='word_1_13' title='bbox 933 851 935 854; x_wconf 47' lang='grc'>’</span> 
     </span>
    </p>

    <p class='ocr_par' dir='ltr' id='par_1_3' title="bbox 226 1000 996 1216">
     <span class='ocr_line' id='line_1_4' title="bbox 226 1000 996 1098; baseline 0 -25"><span class='ocrx_word' id='word_1_14' title='bbox 226 1000 428 1097; x_wconf 85' lang='lat' dir='ltr'>Texitque,</span> <span class='ocrx_word' id='word_1_15' title='bbox 446 1026 594 1076; x_wconf 88' lang='lat' dir='ltr'>murum</span> <span class='ocrx_word' id='word_1_16' title='bbox 612 1004 806 1089; x_wconf 84' lang='lat' dir='ltr'>subruens,</span> <span class='ocrx_word' id='word_1_17' title='bbox 824 1001 996 1098; x_wconf 83' lang='lat' dir='ltr'>repagula</span> 
     </span>
     <span class='ocr_line' id='line_1_5' title="bbox 277 1140 685 1216; baseline 0.007 -3"><span class='ocrx_word' id='word_1_18' title='bbox 277 1140 369 1214; x_wconf 89' lang='lat' dir='ltr'>Ritu</span> <span class='ocrx_word' id='word_1_19' title='bbox 390 1166 487 1214; x_wconf 89' lang='lat' dir='ltr'>novo</span> <span class='ocrx_word' id='word_1_20' title='bbox 504 1142 685 1216; x_wconf 90' lang='lat' dir='ltr'>Sinensia.</span> 
     </span>
    </p>

    <p class='ocr_par' dir='ltr' id='par_1_4' title="bbox 226 1279 985 1519">
     <span class='ocr_line' id='line_1_6' title="bbox 226 1279 985 1376; baseline 0 -21"><span class='ocrx_word' id='word_1_21' title='bbox 226 1279 339 1355; x_wconf 89' lang='lat' dir='ltr'>Cadit</span> <span class='ocrx_word' id='word_1_22' title='bbox 356 1280 506 1375; x_wconf 89' lang='lat' dir='ltr'>bipenni</span> <span class='ocrx_word' id='word_1_23' title='bbox 528 1285 638 1376; x_wconf 86' lang='lat' dir='ltr'>pinus</span> <span class='ocrx_word' id='word_1_24' title='bbox 655 1285 856 1357; x_wconf 86' lang='lat' dir='ltr'>occludens</span> <span class='ocrx_word' id='word_1_25' title='bbox 876 1285 985 1368; x_wconf 87' lang='lat' dir='ltr'>viam,</span> 
     </span>
     <span class='ocr_line' id='line_1_7' title="bbox 274 1422 793 1519; baseline 0.002 -24"><span class='ocrx_word' id='word_1_26' title='bbox 274 1422 323 1495; x_wconf 89' lang='lat' dir='ltr'>Et</span> <span class='ocrx_word' id='word_1_27' title='bbox 340 1447 451 1495; x_wconf 86' lang='lat' dir='ltr'>scena</span> <span class='ocrx_word' id='word_1_28' title='bbox 467 1448 588 1497; x_wconf 89' lang='lat' dir='ltr'>rerum</span> <span class='ocrx_word' id='word_1_29' title='bbox 606 1426 793 1519; x_wconf 80' lang='lat' dir='ltr'>panditur.</span> 
     </span>
    </p>

    <p class='ocr_par' dir='ltr' id='par_1_5' title="bbox 225 1561 1052 1798">
     <span class='ocr_line' id='line_1_8' title="bbox 225 1561 1052 1660; baseline -0.005 -23"><span class='ocrx_word' id='word_1_30' title='bbox 225 1562 313 1637; x_wconf 90' lang='lat' dir='ltr'>Non</span> <span class='ocrx_word' id='word_1_31' title='bbox 330 1561 392 1635; x_wconf 86' lang='lat' dir='ltr'>bic</span> <span class='ocrx_word' id='word_1_32' title='bbox 407 1588 556 1636; x_wconf 88' lang='lat' dir='ltr'>susurro</span> <span class='ocrx_word' id='word_1_33' title='bbox 576 1564 728 1660; x_wconf 85' lang='lat' dir='ltr'>lympha</span> <span class='ocrx_word' id='word_1_34' title='bbox 745 1564 816 1636; x_wconf 87' lang='lat' dir='ltr'>leni</span> <span class='ocrx_word' id='word_1_35' title='bbox 836 1576 1052 1647; x_wconf 84' lang='lat' dir='ltr'><strong>murmurat,</strong></span> 
     </span>
     <span class='ocr_line' id='line_1_9' title="bbox 273 1702 857 1798; baseline 0.002 -24"><span class='ocrx_word' id='word_1_36' title='bbox 273 1702 362 1775; x_wconf 90' lang='lat' dir='ltr'>Non</span> <span class='ocrx_word' id='word_1_37' title='bbox 380 1728 469 1775; x_wconf 85' lang='lat' dir='ltr'>aura</span> <span class='ocrx_word' id='word_1_38' title='bbox 487 1728 549 1797; x_wconf 89' lang='lat' dir='ltr'>per</span> <span class='ocrx_word' id='word_1_39' title='bbox 566 1702 676 1774; x_wconf 89' lang='lat' dir='ltr'>silvas</span> <span class='ocrx_word' id='word_1_40' title='bbox 694 1717 857 1798; x_wconf 86' lang='lat' dir='ltr'>strepens</span> 
     </span>
    </p>

    <p class='ocr_par' dir='ltr' id='par_1_6' title="bbox 224 1840 1060 2066">
     <span class='ocr_line' id='line_1_10' title="bbox 224 1840 1060 1938; baseline 0.001 -23"><span class='ocrx_word' id='word_1_41' title='bbox 224 1840 363 1915; x_wconf 83' lang='lat' dir='ltr'>Suadet</span> <span class='ocrx_word' id='word_1_42' title='bbox 380 1846 544 1938; x_wconf 88' lang='lat' dir='ltr'>quietem</span> <span class='ocrx_word' id='word_1_43' title='bbox 559 1873 568 1927; x_wconf 93' lang='grc'>;</span> <span class='ocrx_word' id='word_1_44' title='bbox 596 1868 724 1915; x_wconf 89' lang='lat' dir='ltr'>currus</span> <span class='ocrx_word' id='word_1_45' title='bbox 742 1858 779 1915; x_wconf 88' lang='lat' dir='ltr'>at</span> <span class='ocrx_word' id='word_1_46' title='bbox 798 1845 1060 1938; x_wconf 81' lang='lat' dir='ltr'>praetervolens</span> 
     </span>
     <span class='ocr_line' id='line_1_11' title="bbox 275 1983 766 2066; baseline -0.002 -10"><span class='ocrx_word' id='word_1_47' title='bbox 275 1983 352 2058; x_wconf 85' lang='lat' dir='ltr'>Htc</span> <span class='ocrx_word' id='word_1_48' title='bbox 369 1985 499 2058; x_wconf 86' lang='lat' dir='ltr'>stridet</span> <span class='ocrx_word' id='word_1_49' title='bbox 516 2009 586 2056; x_wconf 85' lang='lat' dir='ltr'>axe</span> <span class='ocrx_word' id='word_1_50' title='bbox 605 1985 766 2066; x_wconf 85' lang='lat' dir='ltr'>fervido;</span> 
     </span>
    </p>

    <p class='ocr_par' dir='ltr' id='par_1_7' title="bbox 223 2125 925 2362">
     <span class='ocr_line' id='line_1_12' title="bbox 223 2125 925 2224; baseline -0.007 -23"><span class='ocrx_word' id='word_1_51' title='bbox 223 2126 400 2224; x_wconf 89' lang='lat' dir='ltr'>Equique</span> <span class='ocrx_word' id='word_1_52' title='bbox 418 2127 524 2198; x_wconf 87' lang='lat' dir='ltr'>vicus</span> <span class='ocrx_word' id='word_1_53' title='bbox 543 2125 754 2197; x_wconf 85' lang='lat' dir='ltr'>verberatus</span> <span class='ocrx_word' id='word_1_54' title='bbox 775 2127 925 2222; x_wconf 86' lang='lat' dir='ltr'>ungulis</span> 
     </span>
     <span class='ocr_line' id='line_1_13' title="bbox 272 2266 732 2362; baseline -0.004 -20"><span class='ocrx_word' id='word_1_55' title='bbox 272 2268 408 2341; x_wconf 88' lang='lat' dir='ltr'>Secura</span> <span class='ocrx_word' id='word_1_56' title='bbox 422 2268 561 2362; x_wconf 85' lang='lat' dir='ltr'>rumpit</span> <span class='ocrx_word' id='word_1_57' title='bbox 578 2266 732 2340; x_wconf 84' lang='lat' dir='ltr'>somnia.</span> 
     </span>
    </p>
   </div>
   <div class='ocr_carea' id='block_1_3' title="bbox 222 2408 1026 2639">
    <p class='ocr_par' dir='ltr' id='par_1_8' title="bbox 222 2408 1026 2639">
     <span class='ocr_line' id='line_1_14' title="bbox 222 2408 1026 2493; baseline 0 -12"><span class='ocrx_word' id='word_1_58' title='bbox 222 2408 312 2482; x_wconf 91' lang='lat' dir='ltr'>Non</span> <span class='ocrx_word' id='word_1_59' title='bbox 330 2409 392 2480; x_wconf 83' lang='lat' dir='ltr'>htc</span> <span class='ocrx_word' id='word_1_60' title='bbox 410 2409 594 2490; x_wconf 88' lang='lat' dir='ltr'>volucres,</span> <span class='ocrx_word' id='word_1_61' title='bbox 612 2409 705 2479; x_wconf 88' lang='lat' dir='ltr'>ruris</span> <span class='ocrx_word' id='word_1_62' title='bbox 725 2409 873 2493; x_wconf 86' lang='lat' dir='ltr'>incoiae,</span> <span class='ocrx_word' id='word_1_63' title='bbox 894 2434 1026 2481; x_wconf 84' lang='lat' dir='ltr'>nemus</span> 
     </span>
     <span class='ocr_line' id='line_1_15' title="bbox 272 2544 803 2639; baseline -0.002 -21"><span class='ocrx_word' id='word_1_64' title='bbox 272 2546 388 2618; x_wconf 90' lang='lat' dir='ltr'>Dulci</span> <span class='ocrx_word' id='word_1_65' title='bbox 407 2544 559 2638; x_wconf 70' lang='lat' dir='ltr'>querelb</span> <span class='ocrx_word' id='word_1_66' title='bbox 578 2562 775 2639; x_wconf 86' lang='lat' dir='ltr'>personant</span> <span class='ocrx_word' id='word_1_67' title='bbox 794 2577 803 2629; x_wconf 86' lang='lat'>;</span> 
     </span>
    </p>
   </div>
   <div class='ocr_carea' id='block_1_4' title="bbox 222 2686 1060 4048">
    <p class='ocr_par' dir='ltr' id='par_1_9' title="bbox 222 2686 967 2903">
     <span class='ocr_line' id='line_1_16' title="bbox 222 2686 967 2780; baseline -0.003 -19"><span class='ocrx_word' id='word_1_68' title='bbox 222 2686 277 2761; x_wconf 90' lang='lat' dir='ltr'>At</span> <span class='ocrx_word' id='word_1_69' title='bbox 296 2686 455 2780; x_wconf 90' lang='lat' dir='ltr'>piscium</span> <span class='ocrx_word' id='word_1_70' title='bbox 475 2687 648 2778; x_wconf 83' lang='lat' dir='ltr'>tritaeque</span> <span class='ocrx_word' id='word_1_71' title='bbox 664 2686 777 2757; x_wconf 82' lang='lat' dir='ltr'>vestis</span> <span class='ocrx_word' id='word_1_72' title='bbox 797 2686 967 2760; x_wconf 87' lang='lat' dir='ltr'>venditor</span> 
     </span>
     <span class='ocr_line' id='line_1_17' title="bbox 272 2826 756 2903; baseline -0.008 -1"><span class='ocrx_word' id='word_1_73' title='bbox 272 2828 471 2903; x_wconf 82' lang='lat' dir='ltr'>Clamosus</span> <span class='ocrx_word' id='word_1_74' title='bbox 488 2826 632 2899; x_wconf 87' lang='lat' dir='ltr'>obsidet</span> <span class='ocrx_word' id='word_1_75' title='bbox 650 2828 756 2898; x_wconf 77' lang='lat' dir='ltr'>soreS.</span> 
     </span>
    </p>

    <p class='ocr_par' dir='ltr' id='par_1_10' title="bbox 222 2966 1060 3199">
     <span class='ocr_line' id='line_1_18' title="bbox 222 2966 1060 3062; baseline -0.001 -19"><span class='ocrx_word' id='word_1_76' title='bbox 222 2970 311 3043; x_wconf 86' lang='lat' dir='ltr'>Non</span> <span class='ocrx_word' id='word_1_77' title='bbox 328 2970 389 3042; x_wconf 83' lang='lat' dir='ltr'>bic</span> <span class='ocrx_word' id='word_1_78' title='bbox 406 2966 601 3040; x_wconf 84' lang='lat' dir='ltr'>obumbrat</span> <span class='ocrx_word' id='word_1_79' title='bbox 620 2968 737 3061; x_wconf 87' lang='lat' dir='ltr'>spissa</span> <span class='ocrx_word' id='word_1_80' title='bbox 750 2992 911 3062; x_wconf 86' lang='lat' dir='ltr'>quercus</span> <span class='ocrx_word' id='word_1_81' title='bbox 928 2995 1060 3056; x_wconf 86' lang='lat' dir='ltr'>aream,</span> 
     </span>
     <span class='ocr_line' id='line_1_19' title="bbox 272 3105 750 3199; baseline 0 -19"><span class='ocrx_word' id='word_1_82' title='bbox 272 3108 343 3181; x_wconf 86' lang='lat' dir='ltr'>Sed</span> <span class='ocrx_word' id='word_1_83' title='bbox 363 3107 451 3179; x_wconf 89' lang='lat' dir='ltr'>villa</span> <span class='ocrx_word' id='word_1_84' title='bbox 470 3105 569 3179; x_wconf 89' lang='lat' dir='ltr'>nube</span> <span class='ocrx_word' id='word_1_85' title='bbox 587 3107 750 3199; x_wconf 87' lang='lat' dir='ltr'>pulveris</span> 
     </span>
    </p>

    <p class='ocr_par' dir='ltr' id='par_1_11' title="bbox 223 3247 1003 3484">
     <span class='ocr_line' id='line_1_20' title="bbox 223 3247 1003 3344; baseline 0.006 -25"><span class='ocrx_word' id='word_1_86' title='bbox 223 3247 421 3344; x_wconf 85' lang='lat' dir='ltr'>Nigrescit,</span> <span class='ocrx_word' id='word_1_87' title='bbox 441 3261 477 3318; x_wconf 89' lang='lat' dir='ltr'>et</span> <span class='ocrx_word' id='word_1_88' title='bbox 495 3248 701 3319; x_wconf 85' lang='lat' dir='ltr'>rotantibus</span> <span class='ocrx_word' id='word_1_89' title='bbox 719 3249 844 3323; x_wconf 82' lang='lat' dir='ltr'>fumus</span> <span class='ocrx_word' id='word_1_90' title='bbox 864 3273 1003 3323; x_wconf 90' lang='lat' dir='ltr'>novum</span> 
     </span>
     <span class='ocr_line' id='line_1_21' title="bbox 272 3386 756 3484; baseline -0.002 -23"><span class='ocrx_word' id='word_1_91' title='bbox 272 3386 458 3461; x_wconf 87' lang='lat' dir='ltr'>Obscurat</span> <span class='ocrx_word' id='word_1_92' title='bbox 475 3389 607 3460; x_wconf 90' lang='lat' dir='ltr'>atrium</span> <span class='ocrx_word' id='word_1_93' title='bbox 626 3388 756 3484; x_wconf 76' lang='lat' dir='ltr'>globis,</span> 
     </span>
    </p>

    <p class='ocr_par' dir='ltr' id='par_1_12' title="bbox 224 3530 1015 3755">
     <span class='ocr_line' id='line_1_22' title="bbox 224 3530 1015 3625; baseline 0.003 -20"><span class='ocrx_word' id='word_1_94' title='bbox 224 3532 312 3605; x_wconf 83' lang='lat' dir='ltr'>Non</span> <span class='ocrx_word' id='word_1_95' title='bbox 332 3533 393 3604; x_wconf 83' lang='lat' dir='ltr'>bic</span> <span class='ocrx_word' id='word_1_96' title='bbox 413 3556 475 3625; x_wconf 85' lang='lat' dir='ltr'>per</span> <span class='ocrx_word' id='word_1_97' title='bbox 493 3531 617 3603; x_wconf 88' lang='lat' dir='ltr'>hortos</span> <span class='ocrx_word' id='word_1_98' title='bbox 637 3531 694 3601; x_wconf 85' lang='lat' dir='ltr'>vel</span> <span class='ocrx_word' id='word_1_99' title='bbox 716 3530 838 3605; x_wconf 88' lang='lat' dir='ltr'>Diana</span> <span class='ocrx_word' id='word_1_100' title='bbox 855 3535 1015 3607; x_wconf 88' lang='lat' dir='ltr'>cernitur</span> 
     </span>
     <span class='ocr_line' id='line_1_23' title="bbox 274 3670 828 3755; baseline 0.004 -13"><span class='ocrx_word' id='word_1_101' title='bbox 274 3670 462 3742; x_wconf 85' lang='lat' dir='ltr'>Redimita</span> <span class='ocrx_word' id='word_1_102' title='bbox 480 3670 635 3742; x_wconf 81' lang='lat' dir='ltr'>frontem</span> <span class='ocrx_word' id='word_1_103' title='bbox 655 3670 828 3755; x_wconf 85' lang='lat' dir='ltr'>floribus;</span> 
     </span>
    </p>

    <p class='ocr_par' dir='ltr' id='par_1_13' title="bbox 225 3811 1027 4048">
     <span class='ocr_line' id='line_1_24' title="bbox 225 3811 1027 3900; baseline 0.001 -16"><span class='ocrx_word' id='word_1_104' title='bbox 225 3813 306 3884; x_wconf 74' lang='lat' dir='ltr'>Nec</span> <span class='ocrx_word' id='word_1_105' title='bbox 325 3836 411 3883; x_wconf 89' lang='lat' dir='ltr'>cum</span> <span class='ocrx_word' id='word_1_106' title='bbox 429 3811 581 3883; x_wconf 76' lang='lat' dir='ltr'>recurvb</span> <span class='ocrx_word' id='word_1_107' title='bbox 598 3812 690 3885; x_wconf 85' lang='lat' dir='ltr'>falce</span> <span class='ocrx_word' id='word_1_108' title='bbox 706 3812 891 3900; x_wconf 83' lang='lat' dir='ltr'>Silvanus,</span> <span class='ocrx_word' id='word_1_109' title='bbox 909 3816 1027 3888; x_wconf 83' lang='lat' dir='ltr'>i&#39;erens</span> 
     </span>
     <span class='ocr_line' id='line_1_25' title="bbox 273 3952 714 4048; baseline 0.007 -24"><span class='ocrx_word' id='word_1_110' title='bbox 273 3952 411 4048; x_wconf 84' lang='lat' dir='ltr'>Opima</span> <span class='ocrx_word' id='word_1_111' title='bbox 427 3954 518 4024; x_wconf 90' lang='lat' dir='ltr'>ruris</span> <span class='ocrx_word' id='word_1_112' title='bbox 536 3977 686 4027; x_wconf 90' lang='lat' dir='ltr'>munera</span> <span class='ocrx_word' id='word_1_113' title='bbox 702 3982 714 4040; x_wconf 80' lang='lat'>3</span> 
     </span>
    </p>
   </div>
   <div class='ocr_carea' id='block_1_5' title="bbox 0 0 1340 4836">
    <p class='ocr_par' dir='ltr' id='par_1_14' title="bbox 0 0 1340 4836">
     <span class='ocr_line' id='line_1_26' title="bbox 0 0 1340 4836; baseline 0 1"><span class='ocrx_word' id='word_1_114' title='bbox 0 0 1340 4836; x_wconf 95' lang='lat' dir='ltr'> </span> 
     </span>
    </p>
   </div>
  </div>
 </body>
</html>
