2670 4836
178 497 249 566 968
476 524 607 578 nusn
638 523 926 584 s'ronsnsss.

581 807 716 849 Moututs
738 807 810 851 AER·
874 831 875 835 ¹

582 1110 809 1124 m

172 1289 343 1365 Tenent
364 1315 473 1386 supra
492 1303 630 1365 tractus
648 1316 874 1388 camposque
893 1306 1061 1389 patentes

171 1432 386 1505 Mobilitate
404 1433 476 1505 levi
496 1435 630 1528 passim
649 1433 824 1506 diffusilis
848 1436 908 1505 aer

170 1572 369 1669 Spargitur,
388 1589 426 1645 et
444 1574 543 1646 vario
562 1574 767 1645 revolutam
787 1573 947 1666 pondere
965 1599 1119 1648 massam

168 1713 416 1799 Circumiens,
436 1714 539 1808 parili
559 1715 671 1787 fertur
688 1737 752 1808 per
771 1714 877 1785 inane
897 1715 1035 1789 volatu.

165 1856 256 1947 Qut
269 1856 383 1953 magis
397 1870 434 1928 at
451 1879 605 1950 superos
622 1854 800 1948 paulatim
818 1854 984 1927 ascendit
998 1854 1044 1928 ad
1059 1856 1164 1954 ignes
1181 1872 1203 1934 5

165 1998 334 2071 Rarescit
351 1998 488 2070 sensim
507 1997 693 2082 subtilior,
711 2012 748 2068 et
764 1996 982 2093 glomeratas

163 2139 388 2238 Dispergens
405 2138 561 2212 nebulas
578 2139 847 2236 exhalatosque
864 2163 1017 2235 vapores

160 2284 391 2379 Temperiem
409 2295 529 2357 servat
547 2282 825 2357 tenuem—Sic
839 2284 935 2356 valle
950 2283 1104 2358 reducta

162 2426 368 2499 Particulas
386 2428 447 2497 a'e'r
462 2425 628 2520 gravidas
646 2425 896 2520 nebulamque
912 2426 1117 2522 nigrantem

159 2567 361 2660 Concipit;
390 2580 426 2638 at
443 2567 580 2638 montis
597 2564 747 2638 sublimi
769 2567 806 2639 in
824 2566 962 2639 vertice
980 2566 1100 2641 nubes
1157 2580 1207 2646 10

158 2708 390 2806 Diffugiunt,
409 2695 578 2803 puroque
595 2706 748 2779 albescit
766 2710 911 2782 tramite
929 2710 1084 2800 coelum,

158 2852 207 2927 Et
225 2853 369 2948 placida
387 2850 526 2926 circum
546 2851 647 2924 venti
666 2851 814 2947 regione
830 2864 1036 2925 susurrant.

156 2995 284 3069 Altam
302 3019 430 3089 quaere
446 2994 584 3091 lugam,
602 2990 677 3088 qua
694 3016 735 3065 se
752 2991 1024 3087 liquidissimus
1041 2994 1163 3070 aetber

153 3135 379 3230 Expandens
396 3133 516 3229 agitur
532 3155 654 3204 vacuo
672 3161 681 3216 ;
711 3156 784 3204 non
803 3133 943 3206 vescier
958 3138 1066 3217 nura¹

152 3272 238 3347 Hac
249 3273 397 3362 animal,
409 3296 532 3368 neque
543 3271 789 3356 novithom03
808 3272 897 3368 qnia
907 3275 1056 3350 tenuior
1066 3278 1127 3350 aer
1148 3286 1197 3351 15

149 3404 311 3512 Turgida
327 3414 523 3487 luctisonis
540 3411 766 3510 singultibus
783 3413 846 3485 ilia
864 3413 993 3503 tendit,

151 3556 377 3630 Pulmonum
396 3570 434 3628 et
451 3580 528 3630 raro
547 3554 751 3650 perrumpit
768 3552 919 3626 flamine
935 3555 1063 3631 cellas.

148 3696 307 3770 Densior
323 3709 379 3769 ast
396 3696 495 3768 omni
516 3709 690 3769 terrarum
711 3708 812 3789 parte
829 3708 972 3768 meatus

145 3838 310 3914 Subtiles
328 3841 388 3911 aer
407 3846 594 3933 penetrat3
625 3864 697 3949 non
717 3840 853 3934 planta,
871 3864 941 3913 nec
957 3840 1074 3925 arbor,

143 3981 232 4056 Non
252 3963 431 4055 altis'auri
449 3981 594 4056 defossa
612 3980 759 4056 metalla
776 3983 941 4099 sasemis
1133 3990 1187 4055 20
