2678 4830
72 523 146 595 960
355 541 490 599 u-usu
520 541 817 599 uuouuusus.

109 782 145 824 III
168 781 296 824 omum
318 781 547 826 quusumun
570 782 737 826 PRINCIPIS
759 780 909 826 uuonan
931 762 1096 824 ssscudut.

73 893 170 950 Bakcr.
970 914 1001 948 Α.
1014 912 1044 950 n.
1059 896 1125 950 1160.

468 1158 716 1211 MELIBOEUS.

71 1310 287 1385 Mmm
307 1313 398 1407 quid
415 1314 469 1386 sic
490 1311 661 1385 hesternd
678 1325 790 1384 nocte
802 1312 1005 1402 jacentem

118 1450 325 1525 Turbareut
342 1452 486 1547 pavidis
504 1452 649 1524 somnia
667 1449 921 1548 imaginibus;

69 1592 173 1683 Quid
191 1595 327 1666 furtiva
345 1618 445 1690 aegro
463 1594 658 1666 effluerent
674 1591 835 1686 suspiria
848 1592 989 1679 cordi,.

117 1734 223 1825 Quid
242 1737 356 1808 tacito
375 1758 555 1829 premerer
573 1736 721 1806 nescius
741 1734 842 1806 unde
859 1747 989 1807 metu.

67 1875 158 1948 Visa
176 1875 267 1949 mihi
286 1877 443 1948 infectos
463 1874 552 1949 Clio
569 1876 707 1972 fugisse
726 1875 958 1971 triumphos,
1100 1894 1119 1950 6

117 2017 360 2115 Melpomene
377 2020 535 2119 inversae
553 2020 632 2092 visa
651 2043 810 2114 praeesse
827 2018 938 2117 lyrae.

488 2283 688 2336 THYRSIS.

65 2435 149 2508 Nec
167 2437 299 2508 frustra
318 2459 479 2530 praesaga
497 2437 597 2521 novi,
619 2435 812 2521 Meliboee,
831 2436 977 2512 doloris

114 2576 291 2649 Excubat
310 2578 346 2646 in
366 2578 522 2649 madidis
540 2565 675 2672 p'allida
693 2604 779 2652 cura
792 2580 913 2675 genis,

66 2715 149 2788 Nec
168 2716 311 2799 frustra,
331 2740 574 2811 quaecunque
596 2731 682 2792 tuos
702 2718 782 2791 Dea
801 2683 988 2816 tempdrat
1007 2724 1118 2813 ictus,

116 2854 237 2930 Lenta
255 2873 361 2954 negat
381 2859 493 2931 solitd
510 2861 657 2932 tendere
674 2861 736 2934 fila
752 2885 880 2936 manu.
1078 2878 1118 2941 10

66 2995 259 3092 Eloquar?
287 3023 332 3070 an
349 2999 507 3072 sileam?
535 3000 566 3071 si
585 3000 675 3094 quid
696 3002 756 3094 pia
772 3012 861 3073 vota
877 3003 1065 3092 valerent,

115 3136 235 3213 Staret
252 3139 375 3212 adhuc
394 3140 522 3234 populi
543 3164 622 3225 rex,
641 3141 847 3236 patriaeque
864 3157 987 3238 pater.

463 3387 707 3439 MELIBOEUS.

70 3531 169 3609 Proh
187 3536 291 3609 dolor
307 3543 314 3610 !
346 3537 416 3609 hoc
432 3537 624 3612 Geniusve
639 3538 725 3626 loci,
741 3538 963 3638 Dryadesve
977 3549 1119 3642 puellae

119 3671 250 3766 (Nunc
267 3675 403 3771 recolo)
425 3679 535 3750 certis
552 3681 781 3775 praecinuere
798 3683 936 3758 modis.

69 3813 183 3887 Grata
198 3836 350 3907 operum
369 3815 474 3887 fessis
491 3817 596 3889 stetit
612 3818 738 3893 ulmus
755 3843 872 3915 opaca
889 3822 1053 3916 colonis,
1077 3839 1117 3902 15

117 3953 255 4028 Umbra
271 3957 374 4030 stetit
392 3959 472 4067 pagi
491 3985 569 4033 sera
586 3961 779 4059 decusque
795 3963 867 4035 mei
886 3995 896 4049 ;
