<?xml version="1.0" encoding="UTF-8"?>
<!DOCTYPE html PUBLIC "-//W3C//DTD XHTML 1.0 Transitional//EN"
    "http://www.w3.org/TR/xhtml1/DTD/xhtml1-transitional.dtd">
<html xmlns="http://www.w3.org/1999/xhtml" xml:lang="en" lang="en">
 <head>
  <title>
</title>
<meta http-equiv="Content-Type" content="text/html;charset=utf-8" />
  <meta name='ocr-system' content='tesseract 3.04.00' />
  <meta name='ocr-capabilities' content='ocr_page ocr_carea ocr_par ocr_line ocrx_word'/>
</head>
<body>
  <div class='ocr_page' id='page_1' title='image "./musetonensesseu00unkngoog_0039.png"; bbox 0 0 2678 4830; ppageno 0'>
   <div class='ocr_carea' id='block_1_1' title="bbox 239 500 974 609">
    <p class='ocr_par' dir='ltr' id='par_1_1' title="bbox 239 500 974 609">
     <span class='ocr_line' id='line_1_1' title="bbox 239 500 974 609; baseline -0.008 -34"><span class='ocrx_word' id='word_1_1' title='bbox 239 500 284 575; x_wconf 80' lang='lat'><strong>16</strong></span> <span class='ocrx_word' id='word_1_2' title='bbox 525 510 660 571; x_wconf 71' lang='lat' dir='ltr'><strong>arasa</strong></span> <span class='ocrx_word' id='word_1_3' title='bbox 689 512 974 609; x_wconf 70' lang='lat' dir='ltr'><strong>aroueusas.</strong></span> 
     </span>
    </p>
   </div>
   <div class='ocr_carea' id='block_1_2' title="bbox 224 679 1058 2889">
    <p class='ocr_par' dir='ltr' id='par_1_2' title="bbox 224 679 1058 2889">
     <span class='ocr_line' id='line_1_2' title="bbox 236 679 878 774; baseline 0.003 -19"><span class='ocrx_word' id='word_1_4' title='bbox 236 679 292 755; x_wconf 85' lang='lat' dir='ltr'><strong>At</strong></span> <span class='ocrx_word' id='word_1_5' title='bbox 309 705 414 754; x_wconf 81' lang='lat' dir='ltr'><strong>verso</strong></span> <span class='ocrx_word' id='word_1_6' title='bbox 431 683 558 756; x_wconf 86' lang='lat' dir='ltr'><strong>sonuit</strong></span> <span class='ocrx_word' id='word_1_7' title='bbox 576 683 724 757; x_wconf 87' lang='lat' dir='ltr'><strong>cardine</strong></span> <span class='ocrx_word' id='word_1_8' title='bbox 735 683 852 774; x_wconf 86' lang='lat' dir='ltr'><strong>janua</strong></span> <span class='ocrx_word' id='word_1_9' title='bbox 869 713 878 770; x_wconf 90' lang='grc'>;</span> 
     </span>
     <span class='ocr_line' id='line_1_3' title="bbox 235 821 1010 918; baseline 0.003 -21"><span class='ocrx_word' id='word_1_10' title='bbox 235 821 305 907; x_wconf 85' lang='lat' dir='ltr'><strong>En,</strong></span> <span class='ocrx_word' id='word_1_11' title='bbox 324 821 505 918; x_wconf 86' lang='lat' dir='ltr'><strong>templum</strong></span> <span class='ocrx_word' id='word_1_12' title='bbox 522 822 639 896; x_wconf 84' lang='lat' dir='ltr'><strong>subiit</strong></span> <span class='ocrx_word' id='word_1_13' title='bbox 655 836 783 911; x_wconf 89' lang='lat' dir='ltr'><strong>mater,</strong></span> <span class='ocrx_word' id='word_1_14' title='bbox 801 838 839 898; x_wconf 90' lang='lat' dir='ltr'><strong>et</strong></span> <span class='ocrx_word' id='word_1_15' title='bbox 856 848 1010 900; x_wconf 87' lang='lat' dir='ltr'><strong>aureum</strong></span> 
     </span>
     <span class='ocr_line' id='line_1_4' title="bbox 333 962 725 1037; baseline 0 0"><span class='ocrx_word' id='word_1_16' title='bbox 333 962 436 1037; x_wconf 83' lang='lat' dir='ltr'><strong>Ante</strong></span> <span class='ocrx_word' id='word_1_17' title='bbox 451 963 576 1037; x_wconf 87' lang='lat' dir='ltr'><strong>altaria</strong></span> <span class='ocrx_word' id='word_1_18' title='bbox 595 978 725 1037; x_wconf 87' lang='lat' dir='ltr'><strong>uatum</strong></span> 
     </span>
     <span class='ocr_line' id='line_1_5' title="bbox 382 1103 848 1201; baseline 0.004 -23"><span class='ocrx_word' id='word_1_19' title='bbox 382 1103 524 1178; x_wconf 82' lang='lat' dir='ltr'><strong>Premit</strong></span> <span class='ocrx_word' id='word_1_20' title='bbox 541 1104 587 1177; x_wconf 88' lang='lat' dir='ltr'><strong>de</strong></span> <span class='ocrx_word' id='word_1_21' title='bbox 606 1105 732 1201; x_wconf 85' lang='lat' dir='ltr'><strong>tepido</strong></span> <span class='ocrx_word' id='word_1_22' title='bbox 747 1106 848 1181; x_wconf 80' lang='lat' dir='ltr'><strong>sinu.</strong></span> 
     </span>
     <span class='ocr_line' id='line_1_6' title="bbox 232 1246 1039 1348; baseline 0.004 -25"><span class='ocrx_word' id='word_1_23' title='bbox 232 1247 302 1338; x_wconf 88' lang='lat' dir='ltr'><strong>En,</strong></span> <span class='ocrx_word' id='word_1_24' title='bbox 322 1247 505 1343; x_wconf 82' lang='lat' dir='ltr'><strong>templum</strong></span> <span class='ocrx_word' id='word_1_25' title='bbox 521 1246 659 1321; x_wconf 86' lang='lat' dir='ltr'><strong>aubitia</strong></span> <span class='ocrx_word' id='word_1_26' title='bbox 676 1261 719 1320; x_wconf 89' lang='lat' dir='ltr'><strong>ut</strong></span> <span class='ocrx_word' id='word_1_27' title='bbox 737 1248 849 1324; x_wconf 88' lang='lat' dir='ltr'><strong>micat</strong></span> <span class='ocrx_word' id='word_1_28' title='bbox 866 1248 1039 1348; x_wconf 82' lang='lat' dir='ltr'>ignibus!</span> 
     </span>
     <span class='ocr_line' id='line_1_7' title="bbox 232 1362 1058 1482; baseline -0.001 -20"><span class='ocrx_word' id='word_1_29' title='bbox 232 1387 374 1462; x_wconf 83' lang='lat' dir='ltr'><strong>Rident</strong></span> <span class='ocrx_word' id='word_1_30' title='bbox 392 1386 551 1460; x_wconf 82' lang='lat' dir='ltr'><strong>insolitis</strong></span> <span class='ocrx_word' id='word_1_31' title='bbox 569 1400 612 1461; x_wconf 91' lang='lat' dir='ltr'><strong>ut</strong></span> <span class='ocrx_word' id='word_1_32' title='bbox 630 1385 814 1482; x_wconf 81' lang='lat' dir='ltr'><strong>laquearia</strong></span> <span class='ocrx_word' id='word_1_33' title='bbox 1054 1362 1058 1368; x_wconf 34' lang='grc'><strong>’</strong></span> 
     </span>
     <span class='ocr_line' id='line_1_8' title="bbox 328 1529 874 1616; baseline 0.004 -13"><span class='ocrx_word' id='word_1_34' title='bbox 328 1529 517 1616; x_wconf 87' lang='lat' dir='ltr'><strong>Flammis,</strong></span> <span class='ocrx_word' id='word_1_35' title='bbox 536 1544 573 1602; x_wconf 89' lang='lat' dir='ltr'><strong>et</strong></span> <span class='ocrx_word' id='word_1_36' title='bbox 592 1553 688 1602; x_wconf 87' lang='lat' dir='ltr'><strong>nova</strong></span> <span class='ocrx_word' id='word_1_37' title='bbox 705 1529 874 1605; x_wconf 88' lang='lat' dir='ltr'><strong>lambunt</strong></span> 
     </span>
     <span class='ocr_line' id='line_1_9' title="bbox 380 1667 859 1766; baseline 0.002 -23"><span class='ocrx_word' id='word_1_38' title='bbox 380 1668 512 1743; x_wconf 78' lang='lat' dir='ltr'><strong>Postea</strong></span> <span class='ocrx_word' id='word_1_39' title='bbox 529 1669 674 1766; x_wconf 81' lang='lat' dir='ltr'><strong>fulgura</strong></span> <span class='ocrx_word' id='word_1_40' title='bbox 691 1667 859 1744; x_wconf 87' lang='lat' dir='ltr'><strong>lucidos!</strong></span> 
     </span>
     <span class='ocr_line' id='line_1_10' title="bbox 228 1808 973 1898; baseline -0.008 -11"><span class='ocrx_word' id='word_1_41' title='bbox 228 1810 319 1887; x_wconf 87' lang='lat' dir='ltr'><strong>Non</strong></span> <span class='ocrx_word' id='word_1_42' title='bbox 337 1811 450 1898; x_wconf 81' lang='lat' dir='ltr'><strong>aedes,</strong></span> <span class='ocrx_word' id='word_1_43' title='bbox 469 1808 660 1897; x_wconf 88' lang='lat' dir='ltr'>Solomon,</span> <span class='ocrx_word' id='word_1_44' title='bbox 677 1811 732 1883; x_wconf 82' lang='lat' dir='ltr'><strong>sic</strong></span> <span class='ocrx_word' id='word_1_45' title='bbox 750 1809 866 1885; x_wconf 83' lang='lat' dir='ltr'><strong>nituit</strong></span> <span class='ocrx_word' id='word_1_46' title='bbox 882 1822 973 1893; x_wconf 85' lang='lat' dir='ltr'><strong>tua;</strong></span> 
     </span>
     <span class='ocr_line' id='line_1_11' title="bbox 228 1949 948 2048; baseline -0.003 -21"><span class='ocrx_word' id='word_1_47' title='bbox 228 1950 303 2027; x_wconf 85' lang='lat' dir='ltr'><strong>Tot</strong></span> <span class='ocrx_word' id='word_1_48' title='bbox 321 1973 514 2048; x_wconf 85' lang='lat' dir='ltr'><strong>uunquam</strong></span> <span class='ocrx_word' id='word_1_49' title='bbox 532 1950 642 2022; x_wconf 82' lang='lat' dir='ltr'><strong>radiis</strong></span> <span class='ocrx_word' id='word_1_50' title='bbox 659 1949 723 2023; x_wconf 84' lang='lat' dir='ltr'><strong>iila</strong></span> <span class='ocrx_word' id='word_1_51' title='bbox 739 1951 921 2048; x_wconf 85' lang='lat' dir='ltr'><strong>superbiit</strong></span> <span class='ocrx_word' id='word_1_52' title='bbox 936 1979 948 2037; x_wconf 84' lang='lat'><strong>;</strong></span> 
     </span>
     <span class='ocr_line' id='line_1_12' title="bbox 328 2091 909 2187; baseline -0.005 -21"><span class='ocrx_word' id='word_1_53' title='bbox 328 2091 427 2166; x_wconf 82' lang='lat' dir='ltr'><strong>Hoec</strong></span> <span class='ocrx_word' id='word_1_54' title='bbox 446 2114 511 2185; x_wconf 88' lang='lat' dir='ltr'><strong>per</strong></span> <span class='ocrx_word' id='word_1_55' title='bbox 527 2091 662 2185; x_wconf 85' lang='lat' dir='ltr'><strong>templa</strong></span> <span class='ocrx_word' id='word_1_56' title='bbox 679 2105 774 2187; x_wconf 92' lang='lat' dir='ltr'><strong>quot</strong></span> <span class='ocrx_word' id='word_1_57' title='bbox 791 2092 909 2164; x_wconf 84' lang='lat' dir='ltr'><strong>infans</strong></span> 
     </span>
     <span class='ocr_line' id='line_1_13' title="bbox 376 2229 859 2329; baseline 0.002 -26"><span class='ocrx_word' id='word_1_58' title='bbox 376 2229 500 2305; x_wconf 85' lang='lat' dir='ltr'><strong>Vultu</strong></span> <span class='ocrx_word' id='word_1_59' title='bbox 518 2231 661 2329; x_wconf 78' lang='lat' dir='ltr'><strong>spargit.</strong></span> <span class='ocrx_word' id='word_1_60' title='bbox 671 2230 718 2303; x_wconf 88' lang='lat' dir='ltr'><strong>ab</strong></span> <span class='ocrx_word' id='word_1_61' title='bbox 734 2253 859 2304; x_wconf 86' lang='lat' dir='ltr'><strong>aureo.</strong></span> 
     </span>
     <span class='ocr_line' id='line_1_14' title="bbox 227 2369 989 2470; baseline -0.003 -24"><span class='ocrx_word' id='word_1_62' title='bbox 227 2371 356 2470; x_wconf 78' lang='lat' dir='ltr'><strong>Virgo,</strong></span> <span class='ocrx_word' id='word_1_63' title='bbox 373 2395 463 2447; x_wconf 86' lang='lat' dir='ltr'><strong>cum</strong></span> <span class='ocrx_word' id='word_1_64' title='bbox 478 2384 604 2442; x_wconf 83' lang='lat' dir='ltr'><strong>tenero</strong></span> <span class='ocrx_word' id='word_1_65' title='bbox 621 2370 713 2465; x_wconf 90' lang='lat' dir='ltr'><strong>quid</strong></span> <span class='ocrx_word' id='word_1_66' title='bbox 728 2371 795 2442; x_wconf 89' lang='lat' dir='ltr'><strong>tibi</strong></span> <span class='ocrx_word' id='word_1_67' title='bbox 816 2369 989 2444; x_wconf 81' lang='lat' dir='ltr'><strong>turture?</strong></span> 
     </span>
     <span class='ocr_line' id='line_1_15' title="bbox 224 2508 907 2606; baseline -0.007 -19"><span class='ocrx_word' id='word_1_68' title='bbox 224 2511 297 2603; x_wconf 83' lang='lat' dir='ltr'><strong>Eu,</strong></span> <span class='ocrx_word' id='word_1_69' title='bbox 314 2510 440 2585; x_wconf 83' lang='lat' dir='ltr'><strong>matria</strong></span> <span class='ocrx_word' id='word_1_70' title='bbox 454 2509 594 2606; x_wconf 84' lang='lat' dir='ltr'><strong>gremio</strong></span> <span class='ocrx_word' id='word_1_71' title='bbox 611 2509 738 2602; x_wconf 87' lang='lat' dir='ltr'><strong>purior</strong></span> <span class='ocrx_word' id='word_1_72' title='bbox 754 2508 907 2582; x_wconf 87' lang='lat' dir='ltr'><strong>incubat</strong></span> 
     </span>
     <span class='ocr_line' id='line_1_16' title="bbox 323 2647 851 2736; baseline -0.004 -11"><span class='ocrx_word' id='word_1_73' title='bbox 323 2650 493 2736; x_wconf 86' lang='lat' dir='ltr'><strong>Turtur;</strong></span> <span class='ocrx_word' id='word_1_74' title='bbox 521 2673 596 2722; x_wconf 90' lang='lat' dir='ltr'><strong>non</strong></span> <span class='ocrx_word' id='word_1_75' title='bbox 615 2647 713 2721; x_wconf 66' lang='lat' dir='ltr'><strong>male</strong></span> <span class='ocrx_word' id='word_1_76' title='bbox 730 2649 767 2721; x_wconf 88' lang='lat' dir='ltr'><strong>in</strong></span> <span class='ocrx_word' id='word_1_77' title='bbox 785 2649 851 2723; x_wconf 80' lang='lat' dir='ltr'><strong>illo</strong></span> 
     </span>
     <span class='ocr_line' id='line_1_17' title="bbox 336 2788 898 2889; baseline -0.002 -25"><span class='ocrx_word' id='word_1_78' title='bbox 336 2880 340 2889; x_wconf 25' lang='lat' dir='ltr'><em>s</em></span> <span class='ocrx_word' id='word_1_79' title='bbox 374 2790 404 2865; x_wconf 85' lang='lat' dir='ltr'>F</span> <span class='ocrx_word' id='word_1_80' title='bbox 406 2790 441 2863; x_wconf 92' lang='lat' dir='ltr'><strong>el</strong></span> <span class='ocrx_word' id='word_1_81' title='bbox 457 2790 505 2863; x_wconf 88' lang='lat' dir='ltr'><strong>sit</strong></span> <span class='ocrx_word' id='word_1_82' title='bbox 525 2800 673 2886; x_wconf 85' lang='lat' dir='ltr'><strong>pectore</strong></span> <span class='ocrx_word' id='word_1_83' title='bbox 689 2788 898 2864; x_wconf 84' lang='lat' dir='ltr'><strong>conditum.</strong></span> 
     </span>
    </p>
   </div>
   <div class='ocr_carea' id='block_1_3' title="bbox 224 2922 1012 3059">
    <p class='ocr_par' dir='ltr' id='par_1_3' title="bbox 224 2922 1012 3059">
     <span class='ocr_line' id='line_1_18' title="bbox 224 2922 1012 3059; baseline -0.005 -52"><span class='ocrx_word' id='word_1_84' title='bbox 224 2932 353 3059; x_wconf 71' lang='lat' dir='ltr'><strong>Virgo,</strong></span> <span class='ocrx_word' id='word_1_85' title='bbox 371 2922 462 3028; x_wconf 80' lang='lat' dir='ltr'><strong>quid</strong></span> <span class='ocrx_word' id='word_1_86' title='bbox 480 2932 607 3005; x_wconf 79' lang='lat' dir='ltr'><strong>&#39;tenero</strong></span> <span class='ocrx_word' id='word_1_87' title='bbox 624 2931 670 3004; x_wconf 88' lang='lat' dir='ltr'><strong>de</strong></span> <span class='ocrx_word' id='word_1_88' title='bbox 685 2954 794 3028; x_wconf 83' lang='lat' dir='ltr'><strong>grege</strong></span> <span class='ocrx_word' id='word_1_89' title='bbox 812 2928 1012 3004; x_wconf 85' lang='lat' dir='ltr'><strong>candidum</strong></span> 
     </span>
    </p>
   </div>
   <div class='ocr_carea' id='block_1_4' title="bbox 225 3071 1020 3433">
    <p class='ocr_par' dir='ltr' id='par_1_4' title="bbox 225 3071 1020 3433">
     <span class='ocr_line' id='line_1_19' title="bbox 225 3071 1020 3176; baseline -0.008 -24"><span class='ocrx_word' id='word_1_90' title='bbox 225 3074 379 3176; x_wconf 77' lang='lat' dir='ltr'><strong>Agrium</strong></span> <span class='ocrx_word' id='word_1_91' title='bbox 399 3073 551 3172; x_wconf 83' lang='lat' dir='ltr'><strong>poscis?</strong></span> <span class='ocrx_word' id='word_1_92' title='bbox 577 3073 681 3147; x_wconf 81' lang='lat' dir='ltr'><strong>adest</strong></span> <span class='ocrx_word' id='word_1_93' title='bbox 698 3071 857 3159; x_wconf 83' lang='lat' dir='ltr'><strong>mollior,</strong></span> <span class='ocrx_word' id='word_1_94' title='bbox 875 3096 934 3160; x_wconf 86' lang='lat' dir='ltr'><strong>en,</strong></span> <span class='ocrx_word' id='word_1_95' title='bbox 953 3071 1020 3146; x_wconf 90' lang='lat' dir='ltr'><strong>tibi</strong></span> 
     </span>
     <span class='ocr_line' id='line_1_20' title="bbox 323 3214 925 3316; baseline -0.013 -24"><span class='ocrx_word' id='word_1_96' title='bbox 323 3216 487 3316; x_wconf 85' lang='lat' dir='ltr'><strong>Agnus;</strong></span> <span class='ocrx_word' id='word_1_97' title='bbox 513 3225 636 3287; x_wconf 86' lang='lat' dir='ltr'><strong>turtur</strong></span> <span class='ocrx_word' id='word_1_98' title='bbox 652 3224 690 3285; x_wconf 88' lang='lat' dir='ltr'><strong>et</strong></span> <span class='ocrx_word' id='word_1_99' title='bbox 706 3236 826 3309; x_wconf 83' lang='lat' dir='ltr'><strong>agnus</strong></span> <span class='ocrx_word' id='word_1_100' title='bbox 919 3214 925 3221; x_wconf 82' lang='grc'><em>“</em></span> 
     </span>
     <span class='ocr_line' id='line_1_21' title="bbox 370 3352 767 3433; baseline -0.013 0"><span class='ocrx_word' id='word_1_101' title='bbox 370 3357 481 3433; x_wconf 87' lang='lat' dir='ltr'><strong>Solus</strong></span> <span class='ocrx_word' id='word_1_102' title='bbox 499 3356 548 3430; x_wconf 89' lang='lat' dir='ltr'><strong>sit</strong></span> <span class='ocrx_word' id='word_1_103' title='bbox 567 3352 632 3428; x_wconf 87' lang='lat' dir='ltr'><strong>tibi</strong></span> <span class='ocrx_word' id='word_1_104' title='bbox 651 3352 767 3429; x_wconf 82' lang='lat' dir='ltr'><strong>filiua‘.</strong></span> 
     </span>
    </p>
   </div>
   <div class='ocr_carea' id='block_1_5' title="bbox 0 0 1344 4830">
    <p class='ocr_par' dir='ltr' id='par_1_5' title="bbox 0 0 1344 4830">
     <span class='ocr_line' id='line_1_22' title="bbox 0 0 1344 4830; baseline 0 0"><span class='ocrx_word' id='word_1_105' title='bbox 0 0 1344 4830; x_wconf 95' lang='lat' dir='ltr'><strong> </strong></span> 
     </span>
    </p>
   </div>
  </div>
 </body>
</html>
