2670 4836
430 509 432 514 ·
514 499 813 591 eumrarro.
1135 496 1171 566 n

148 676 360 749 minutiores
389 700 557 772 quasque
585 676 737 748 mendas
765 671 937 766 excerpi:
972 668 1176 769 praesertim

145 815 227 891 crim
238 818 421 927 juvenilis
435 819 572 915 ingenii
590 819 751 911 impetus
763 816 926 888 criticam
944 780 1080 885 moram
1098 836 1178 906 per:

147 955 341 1041 horrescat,
359 971 409 1042 et,
425 981 512 1053 quae
532 957 651 1030 laudis
666 958 827 1031 aemulus
842 957 1040 1049 scripserit,
1060 955 1180 1027 lituris

145 1098 352 1172 dedecorari
370 1100 467 1196 aegre
484 1123 526 1172 ac
543 1100 697 1172 moleste
716 1102 816 1174 ferat.
870 1098 906 1171 Si
928 1100 1040 1191 igitur
1059 1096 1181 1192 pueri-

145 1239 234 1313 lium
261 1240 427 1313 laborum
454 1240 575 1312 fautor
603 1240 697 1314 inter
725 1241 807 1315 liaec
839 1238 980 1313 Tibulli
1008 1262 1180 1311 nonnun-

143 1405 255 1478 quam
311 1383 555 1467 teneritatem,
599 1381 727 1454 Ovidii
784 1381 1011 1465 facilitatem,
1061 1377 1182 1457 Flacci

146 1522 378 1622 elegantiam,
397 1525 454 1596 vel
477 1524 694 1615 dignitatern
716 1523 882 1596 Maronis
908 1522 1120 1609 admiretur,
1141 1546 1186 1595 ne

148 1642 314 1737 Atticam
338 1664 436 1737 illam
466 1666 605 1761 ubique
631 1665 770 1762 flagitet
789 1682 902 1761 atque
927 1665 1109 1738 desideret
1129 1689 1186 1738 se·

148 1806 365 1877 veritatem:
393 1829 500 1900 spero
518 1819 638 1879 tamen
669 1806 814 1879 nullum
834 1805 981 1897 majoris
1010 1805 1185 1879 momenti

146 1971 304 2021 errorem
324 1949 546 2030 oscitatione
564 1951 644 2021 mea
662 1949 786 2020 locum
806 1947 1025 2021 obtinuisse.
1135 2044 1137 2048 μ
1255 1938 1314 1991 ν’

199 2086 319 2178 Quod
334 2088 377 2160 ad
393 2113 451 2160 me
467 2090 643 2183 pertinen
666 2087 883 2182 ubicunque
895 2084 1019 2159 minim
1032 2087 1192 2159 arridens

148 2228 307 2302 verbum
341 2229 490 2321 rejicere
521 2245 673 2301 coactus
705 2254 801 2314 surn,
837 2231 920 2302 dedi
955 2253 1118 2325 operam,
1152 2244 1193 2309 ut

148 2340 219 2493 iaec
240 2370 483 2469 inelegantem
511 2395 671 2467 prorsus,
692 2369 881 2466 praecipue
900 2370 987 2443 verb
1014 2394 1060 2443 ne
1078 2370 1194 2442 inusi-

151 2479 265 2585 tritam
295 2536 424 2585 vocem
452 2514 595 2585 auctori
620 2512 854 2585 obtruserim.
919 2511 1064 2587 Graecis
1090 2510 1197 2608 porro
1272 2490 1276 2499 Ι

152 2630 395 2741 carminibus,
415 2653 491 2751 qnlt
518 2654 621 2748 potui
645 2653 848 2752 diligentia,
876 2671 1053 2729 accentus
1080 2656 1197 2750 impo-

153 2768 239 2877 sui;
266 2794 352 2866 etsi
373 2795 409 2866 in
431 2794 505 2866 illis
523 2795 724 2891 aliquando
747 2797 988 2891 peccaverim,
1007 2820 1072 2891 pro
1090 2820 1201 2892 opere

159 2937 282 3035 longo,
301 2961 343 3007 ac
363 2934 452 3008 mibi
473 2933 624 3030 quidem
648 2935 783 3033 (clima
805 2938 1054 3034 typograpbeo
1074 2938 1202 3035 procul

161 3077 355 3174 abfuerim)
384 3079 623 3175 permolesto,
651 3082 795 3152 veniam
821 3107 840 3153 a
867 3081 1027 3179 benigno
1055 3073 1203 3167 lectore,

162 3244 230 3294 nec
250 3190 387 3314 injuria
403 3223 504 3312 sane,
523 3222 799 3316 postulaverim.

222 3630 269 3704 Α.
287 3628 337 3704 l).
364 3640 468 3714 1795.
607 3628 918 3705 GULlELllUS
941 3629 1203 3704 HERBERl'.
