2670 4836
142 505 215 575 905
423 508 555 564 MUSAE
586 505 875 564 annuntians·

149 680 286 754 Haurit
303 681 509 753 inassuetos
527 680 670 753 miranti
687 693 834 774 pectore
851 690 1006 763 cantuar

144 820 257 916 saepe
274 820 474 916 repercussi
495 820 639 892 deserto
659 820 694 891 in
713 819 877 892 culmine
896 819 1032 892 montis

146 958 318 1034 Suaviter
335 958 521 1030 horrentes
539 959 658 1030 noctis
676 971 862 1053 penetrare
881 959 1048 1033 tenebras

150 1099 307 1174 AEtherii
327 1099 453 1171 divina
468 1112 595 1194 stupet
613 1100 861 1172 modulamina
881 1100 1023 1196 plectri.

148 1238 286 1331 Qualis
304 1237 367 1311 ubi
387 1239 453 1311 lux
471 1253 552 1310 orta
570 1238 665 1311 mari.
677 1240 847 1312 lustravit
866 1239 952 1313 Eois
1136 1249 1180 1313 25

150 1378 355 1455 Limitibus
369 1402 554 1476 progressa
572 1379 689 1472 polos,
710 1381 945 1478 flammaeque
963 1381 1114 1454 micanti
1173 1406 1177 1423 ¹

150 1520 352 1616 Suspensae
368 1519 469 1592 coelo
486 1519 617 1612 geniali
636 1519 776 1591 lumine
795 1535 903 1593 terras

154 1662 359 1735 Nascentes
378 1662 498 1732 lovere
515 1689 524 1744 ;
549 1685 639 1732 suos
656 1663 865 1759 peragentia
882 1675 1008 1737 motus

158 1802 268 1876 Astra
287 1824 350 1896 per
363 1801 482 1872 aerios
498 1799 601 1872 dulei
621 1802 871 1877 modulamine
888 1818 1030 1878 tractus

154 1943 356 2017 Testantur
369 1943 495 2036 laetata
509 1940 647 2026 Deum,
662 1941 922 2038 plauduntque
935 1944 1119 2040 frequenti
1143 1944 1188 2020 dd

159 2083 360 2159 Harmonia
375 2082 469 2156 allisi
488 2084 680 2154 concussis
694 2081 843 2154 orbibus
859 2083 979 2157 orbes.
1106 2124 1109 2129 ·

159 2225 313 2300 Arduus
331 2223 491 2297 insolitis
509 2234 653 2296 resonat
670 2222 914 2295 concentibus
932 2224 1063 2312 rather,
1179 2230 1183 2241 '

160 2367 420 2460 Divinumque
438 2363 555 2436 melos
573 2385 745 2458 percussa
761 2332 963 2438 reverberat
978 2390 1081 2442 aura.

210 2505 247 2580 Ο
267 2505 459 2615 hominum
478 2503 606 2590 tutela,
627 2501 700 2575 Dei
720 2503 838 2579 Patris
854 2506 1138 2596 incrementum,
1179 2510 1183 2517 '

161 2649 217 2722 Te
232 2670 383 2741 superas
400 2655 588 2741 repetente
604 2643 747 2728 domos,
766 2658 802 2717 te
820 2659 937 2720 morte
951 2648 1110 2723 subacti
1146 2650 1190 2727 35

163 2791 273 2866 teta
286 2787 536 2884 triumphante
552 2786 671 2860 arcani
693 2808 756 2882 per
772 2784 1014 2878 liminacoeli,

161 2932 360 3013 Stellarum
377 2928 513 3002 chorus
529 2927 650 3001 omnis
663 2899 701 2999 et
715 2927 870 3026 angelici
888 2931 1091 3005 comitatus

167 3072 296 3147 Altius
313 3084 469 3143 aeternas
485 3069 715 3142 celebrarunt
733 3068 893 3140 carmine
908 3069 1063 3146 laudes:
1105 3122 1109 3129 -

166 3212 268 3286 Nam
286 3234 406 3306 neque
424 3225 499 3284 tam
516 3204 644 3281 dulces
659 3209 836 3281 iterarunt
852 3208 970 3283 sidera
986 3225 1133 3304 motos,

167 3354 252 3428 Nee
266 3353 357 3428 coeli
375 3352 506 3425 festiva
522 3351 666 3438 cohors,
684 3348 773 3423 edm
788 3349 867 3423 dira
883 3350 1029 3425 rubenti
1101 3388 1106 3411 ·
1127 3358 1192 3429 ’40

44 3500 49 3508 ’
73 3568 76 3573 ,
168 3495 340 3570 Fulmina
352 3493 534 3566 contorsit
550 3489 693 3575 dextri,
713 3504 926 3585 turmasque
943 3491 1098 3568 rebelles
1175 3492 1180 3499 ’

172 3635 266 3712 Vera
284 3635 356 3710 Dei
375 3633 521 3710 soboles
540 3632 678 3705 vindex
695 3632 767 3706 sub
781 3633 925 3730 gurgite
942 3636 1069 3709 mersit
1115 3672 1119 3679 ·
1148 3674 1152 3689 =
1184 3652 1188 3663 ·

164 3776 361 3854 Tartareo:
388 3800 462 3849 non
477 3773 568 3849 crim
587 3775 768 3849 discordia
780 3776 919 3849 semina
936 3800 1060 3852 rerum
1171 3780 1190 3839 d

168 3920 362 4019 impulsus
376 3942 523 3995 sensere
537 3916 610 3994 Dei
628 3947 638 4004 ;
662 3928 895 4017 massamque
910 3919 1108 3997 fluentem·
1156 3974 1182 3983 .-
