2670 4836
212 502 286 568 334
503 509 638 565 MUSAE
668 511 957 569 ETONENSES·

214 678 298 751 Jarn
314 702 387 751 non
403 679 490 751 vina
504 679 658 770 juvant;
678 686 770 777 quin
788 709 889 756 meus
902 685 1113 781 stupefacta
1131 684 1261 758 dolore

265 821 413 915 Spernit
432 823 608 896 inauratae
627 823 690 895 iila
707 845 838 896 canora
855 823 960 920 lyrae.
993 856 994 859 ¹

216 959 252 1033 0
269 960 359 1033 mihi
378 960 408 1033 si
427 961 536 1034 detur
552 959 713 1035 cantanti
734 961 871 1048 fistule,
890 955 1011 1058 qualis

268 1100 419 1175 Dicitur
436 1100 608 1198 Orpheos
626 1103 799 1176 elicuisse
817 1104 947 1177 modos
962 1110 970 1177 l

219 1242 287 1315 llle
304 1244 443 1317 etenim
461 1243 674 1318 umbrarum
690 1243 863 1316 dominos
880 1243 1079 1318 deflectere
1096 1258 1208 1318 centu

268 1384 400 1469 Novit,
417 1400 455 1459 et
475 1386 672 1459 Euridicen
692 1387 899 1458 restituisse
914 1409 1033 1461 suam.
1213 1398 1257 1464 95

219 1523 279 1599 0!
311 1525 452 1598 utinam
471 1537 609 1610 tecum,
628 1525 784 1617 conjux,
803 1525 895 1599 mihi
913 1549 1021 1623 regns
1040 1527 1220 1601 tremendi

269 1665 383 1754 Ditis,
398 1680 436 1738 et
454 1667 610 1740 infernas
627 1668 680 1740 les
698 1667 747 1738 sit
764 1667 863 1739 adire
881 1665 1025 1742 domos.

218 1813 316 1886 Nam
332 1836 453 1908 neque
465 1811 724 1887 flammivomis
735 1812 924 1888 cohiberet
937 1813 1256 1898 lluctibusarnuis,

141 1954 144 1961 ’
270 1953 351 2027 Nec
368 1955 433 2048 qui
449 1954 614 2027 funestas
631 1942 795 2026 excubat
812 1967 897 2026 ante
914 1953 1022 2028 fores.
1213 1965 1258 2032 ³0

220 2095 287 2170 llle
305 2094 537 2168 tenebrarum
554 2093 727 2189 dispellat
747 2094 912 2189 lampade
931 2111 1093 2183 noctem,

144 2329 151 2339 ·
271 2234 339 2317 llle¹
356 2250 452 2331 regat
467 2260 614 2332 gressus
632 2235 866 2309 connubialis
883 2260 995 2310 amor.

218 2377 286 2463 Te,
305 2377 442 2468 conjux
462 2374 610 2460 dilecta,
628 2400 775 2476 sequor,
791 2377 867 2471 qul
885 2401 947 2472 per
965 2401 1098 2453 nemus
1117 2393 1235 2456 atrum

271 2517 372 2591 Lene
391 2519 598 2611 soporiferis
614 2517 749 2590 delluit
767 2520 884 2592 amnis
902 2519 1021 2615 aquis.

219 2661 287 2749 Te,
306 2662 395 2733 dum
415 2661 560 2732 vocales
581 2656 780 2756 impellunt
798 2661 935 2756 pollice
952 2663 1124 2757 chordas,
1214 2683 1259 2749 35

190 2770 197 2781 .
272 2803 461 2878 Pieridum
479 2805 631 2878 celerent
648 2804 839 2900 ingeniosa
855 2803 1000 2880 cohors.

221 2945 362 3023 Ultimo
380 2946 583 3042 quinetiam
605 2946 733 3020 laudes
752 2946 818 3019 tihi
838 2947 1009 3032 concinet
1025 2962 1134 3045 aetas,

272 3089 315 3166 M
322 3104 412 3165 utus
428 3091 520 3166 dum
537 3089 635 3165 lidus
653 3105 801 3187 pectore
814 3091 949 3188 junget
970 3089 1140 3188 Hymen.
