2678 4830
130 503 196 577 168
422 517 554 573 MUSAE
579 512 868 573 ETONENSES·

223 780 271 824 SIC
295 780 357 823 ΕΔΤ
380 782 587 832 QUAECUNQUE
610 783 750 826 nunaut
774 781 917 825 LUGBBH
934 780 1078 825 nomn.
1155 746 1158 751 Ι

130 915 250 986 Conway.
1014 939 1041 975 ι.
1051 937 1079 975 u.
1090 926 1156 976 17⁶2·

532 1090 768 1143 Ἥ

131 1244 298 1319 Puruus
319 1269 445 1329 ovans,
465 1248 652 1342 raptisque
670 1246 824 1342 insignis
845 1243 1030 1318 Horatius
1047 1243 1157 1326 armis,

177 1387 266 1460 Tela
283 1389 381 1481 gravi
400 1413 577 1482 quassans
595 1389 671 1461 ibat
689 1391 780 1459 aena
798 1410 923 1460 manu.

130 1527 253 1619 Quem
273 1554 385 1614 soror,
406 1544 448 1601 ut
461 1530 575 1601 muris
590 1530 801 1600 venientem
815 1539 994 1621 expectat
1008 1526 1056 1600 ab
1071 1527 1157 1617 ultis,

179 1668 258 1741 Fila
277 1669 423 1741 trahens
441 1667 541 1740 lenta
559 1667 742 1740 desidiosa
759 1668 855 1753 cole,

128 1809 247 1894 Vidit,
266 1826 303 1881 et
321 1812 470 1905 agnovit
489 1811 575 1884 coesi
596 1810 726 1904 procul
743 1834 840 1881 arura
858 1811 994 1898 mariti,
1140 1821 1159 1884 5

179 1950 346 2047 Agupvit
363 1974 528 2022 croceam
550 1925 699 2047 (fecerat
717 1948 811 2044 ipsa)
833 1964 985 2063 togaru‘3

130 2093 215 2191 Ipsa
233 2094 355 2166 dedit:
383 2094 551 2166 manibus
569 2095 640 2166 fusi
661 2095 827 2167 cecidere
836 2094 987 2166 *remissi
1004 2122 1014 2178 ;

176 2242 333 2338 Quique
351 2240 434 2323 fuit,
455 2263 580 2312 roseus
597 2238 692 2333 sugit
709 2237 754 2310 ab
772 2260 833 2309 ore
849 2236 963 2309 color.

129 2386 247 2459 Exilit
268 2385 353 2455 inde
370 2384 505 2464 furens,
525 2380 728 2474 rapidoque
744 2380 794 2450 ita
811 2377 950 2450 fervida
969 2400 1084 2450 cursu

176 2526 320 2611 Evolat,
342 2540 382 2593 ut
402 2546 532 2617 magno
551 2522 698 2610 concita
719 2521 863 2594 Baccha
883 2519 981 2594 Deo,
1125 2528 1163 2593 10

129 2668 176 2740 Et
192 2664 343 2761 procul;
372 2671 395 2706 “
411 2659 445 2735 Ο
462 2688 529 2735 uec
543 2664 666 2736 adhuc
680 2664 837 2735 fraterno
852 2663 1004 2747 numine
1017 2661 1161 2760 diguus,

177 2815 200 2849 ‘⁶
224 2805 406 2877 Haecciue
424 2805 492 2875 fers
510 2803 631 2875 oculis
648 2804 757 2876 obvia
774 2804 871 2876 dona
889 2802 1010 2877 meis?

127 2961 150 2993 “
171 2947 283 3021 Anne
301 2948 382 3043 pios
401 2947 498 3019 ultro
517 2947 625 3043 cupis
643 2948 779 3021 irritare
797 2945 954 3034 dolores,

176 3103 199 3133 ‘⁴
220 3090 267 3163 Et
285 3093 433 3184 spousae
451 3090 564 3163 occisi
584 3089 735 3184 porrigis
753 3113 851 3161 arma
868 3088 965 3162 viri?

126 3242 149 3275 “
170 3231 244 3304 Hei
266 3231 378 3303 mihi!
409 3242 584 3302 sacratam
606 3231 670 3300 tibi
691 3243 803 3301 castae
822 3229 867 3299 ad
887 3227 1050 3300 Palladis
1069 3251 1160 3302 aram

175 3385 198 3416 “
219 3374 308 3445 Sum
329 3397 433 3466 prece
453 3372 667 3442 turicremos
687 3371 902 3441 devenerata
918 3371 1034 3455 focos,
1123 3370 1162 3444 16

126 3529 148 3560 ‘⁵
169 3515 223 3588 Ut
241 3516 366 3588 reduci
385 3517 523 3610 possim
540 3515 765 3586 circumdare
783 3513 930 3586 brachia
943 3514 1040 3585 fratri
1056 3544 1065 3596 ;

175 3666 199 3701 ‘⁶
221 3658 333 3730 Heu!
364 3659 474 3728 uiruis
494 3658 633 3751 ignaras
651 3655 770 3727 audiit
788 3654 850 3727 illa
868 3677 1007 3749 preces.

126 3814 148 3845 “
169 3800 277 3871 Vivit
294 3799 392 3868 euim
411 3798 539 3878 frater;
563 3796 663 3887 jacet
683 3795 755 3866 uda
772 3795 940 3888 abjectus
958 3795 1081 3880 arcuit,

157 3954 197 4001 Α*
216 3942 266 4015 Et
283 3943 401 4026 fratre,
420 3953 457 4012 et
477 3939 554 4010 vittr
571 3940 685 4012 carior
703 3937 767 4010 ille
785 3938 878 4012 meta.
909 3953 916 3966 '
1119 3945 1166 4010 90
