2670 4836
412 545 546 603 unsar
579 496 857 601 monimen
1080 540 1152 603 aas

361 846 460 891 rrum.
476 847 547 889 Essa
562 846 732 889 Pnorutuu
750 844 910 895 curuum.

115 985 263 1041 Greaot'llr.

467 1116 776 1131 m

118 1283 291 1381 Liliaque
307 1298 346 1359 et
362 1284 479 1359 violas
494 1301 533 1357 et
551 1285 723 1359 florentes
742 1283 974 1380 hyacinthos,

166 1425 363 1522 Quicquid
379 1440 417 1500 et
434 1451 544 1501 omne
563 1449 694 1497 nemus
709 1448 792 1496 vere
811 1438 958 1518 tepente
975 1425 1089 1510 fovet,

117 1567 298 1665 Undique
315 1569 545 1643 contuleram
560 1598 570 1650 3
598 1569 734 1661 primos
752 1590 820 1663 ego
837 1568 926 1641 solis
943 1569 986 1639 nd
1005 1584 1108 1643 ortus

169 1709 231 1782 Ad
249 1711 435 1785 dominam
456 1733 650 1805 properans
669 1710 813 1783 roscida
828 1725 923 1783 serta
937 1710 1024 1786 fero.

120 1851 285 1926 Roscida
298 1868 394 1926 sarta
411 1853 517 1952 gerit,
534 1853 728 1948 capitique
744 1851 902 1924 innectit
920 1850 1090 1937 honores,
1136 1871 1159 1931 5

170 1994 414 2091 Laetaturque
432 1998 539 2069 novis
556 1995 708 2069 lloribus
726 1995 805 2090 ipsa
822 1994 957 2069 Chloe.

121 2136 319 2212 Pulchrior
336 2140 414 2230 ipsa
434 2136 521 2210 licet
539 2116 648 2210 iiolis
667 2135 870 2230 nitidisque
886 2134 1108 2234 hyacinthis,

173 2278 380 2364 Pulchrior,
401 2279 584 2374 Hesperio
601 2301 690 2372 quoe
709 2279 809 2372 viget
824 2278 925 2358 orbe,
942 2281 1036 2354 rosh.

123 2419 312 2493 Mirantur
324 2421 484 2512 juvenes
502 2418 708 2514 floremque
724 2419 918 2513 ipsamque
938 2420 1112 2514 puellum,

173 2561 221 2633 Et
237 2574 366 2654 stupet
381 2561 574 2635 insolitum
592 2564 758 2656 quaequc
772 2561 896 2655 puella
910 2562 1038 2638 decus.
1122 2578 1164 2641 10

122 2702 285 2797 Jamque
303 2705 552 2778 increscentes
573 2703 743 2777 Phoebur
761 2704 986 2800 produxerat
1006 2706 1164 2792 umbras,

172 2841 334 2938 Jamque
352 2846 451 2918 ferax
469 2845 593 2941 gelido
609 2868 688 2916 rore
706 2844 875 2919 madebat
893 2844 1054 2931 humus;

124 2984 373 3061 Frondiferom
392 2984 504 3078 ospiti
520 2983 607 3056 edm
627 2983 787 3056 detrahit
805 2985 869 3058 illa
885 3009 1082 3071 coronam;

176 3124 362 3210 Detrahit,
381 3140 418 3196 et
434 3123 588 3220 graciles
605 3123 754 3220 projicit
770 3140 857 3198 ante
876 3127 1001 3220 pedes.

29 3356 34 3364 Ι
126 3267 245 3356 Vidit,
264 3284 300 3340 et
320 3269 495 3351 indoluit,
514 3268 644 3341 mutati
664 3269 737 3341 tata
754 3268 909 3353 decoris,
1124 3287 1167 3350 15

177 3410 281 3484 Dum
300 3412 427 3484 furtim
445 3436 493 3483 ex
512 3411 633 3484 oculis
652 3411 776 3485 lucida
790 3427 898 3509 gutta
915 3415 1037 3502 cadit;

128 3555 249 3630 Gutta
267 3555 352 3628 mali
371 3578 548 3651 praesaga,
565 3569 677 3650 atque
694 3571 770 3629 arte
788 3558 973 3652 potentior
990 3560 1104 3646 omni,

177 3691 313 3766 Tristia
330 3692 523 3765 denudans
541 3692 701 3787 pectoris
718 3694 881 3789 auguria.

130 3832 218 3907 Non
234 3832 329 3907 bene
345 3833 480 3907 celatas
496 3833 673 3929 deprendi
695 3848 843 3930 pectore
857 3859 976 3922 curas,

181 3977 229 4051 Et
245 3978 426 4051 simulans
444 3977 530 4052 ficta
548 3976 635 4051 talia
653 4001 744 4053 voce
762 3976 906 4074 loquor.
1124 3989 1174 4054 90

592 4142 618 4191 a
640 4141 665 4191 Α
694 4128 717 4193 2
