2670 4836
215 498 286 565 ³58
512 512 645 568 nusu
675 511 964 569 unouuusns.

217 683 435 780 cumgrata
456 682 583 757 Moses
601 685 698 756 dona
717 682 788 757 Dei
810 710 920 758 manu

218 827 385 902 Sublime
403 827 536 900 tollens
553 828 741 901 marmoris
759 852 931 922 asperum
984 849 986 852 ·

270 970 439 1069 Buisaret
456 997 523 1054 os:
552 993 706 1043 marmor
724 970 936 1066 liquescens

319 1112 348 1184 F
351 1112 533 1185 lumineas
552 1111 678 1184 subito
695 1134 760 1206 per
776 1134 908 1207 aequor

220 1252 401 1327 Submisit
421 1254 561 1326 undas:
589 1275 666 1347 quo
685 1276 807 1346 neque
822 1251 952 1325 divitis

219 1394 310 1493 Tagi
330 1394 517 1467 fluentum
534 1396 634 1468 fonte
652 1393 809 1482 beatius,

271 1535 353 1609 Nec
372 1537 449 1630 ripa
467 1535 711 1633 turgescentis
731 1534 857 1610 Haemi

322 1680 494 1753 Auritbro
512 1680 693 1754 celebrata
712 1679 846 1754 fluctu.

224 1822 358 1895 Videre
376 1822 492 1894 siccas
505 1822 582 1914 jain
602 1822 730 1894 videor
744 1845 878 1925 ‘manus

225 1968 272 2040 Et
290 1992 351 2040 ora
370 1967 526 2040 tendens
543 1965 678 2064 vulgus
697 1966 857 2050 hiantia;

275 2108 444 2182 Laetatur
463 2107 587 2195 lsrael,
606 2123 644 2180 et
663 2131 739 2180 uno

323 2253 560 2326 Flumineum
582 2251 673 2324 bibit
693 2274 755 2323 ore
775 2265 910 2323 nectar.

226 2392 398 2464 Gaudete
417 2391 546 2466 laetum
565 2415 637 2463 non
657 2390 772 2463 semei
788 2390 930 2485 agmina

225 2535 395 2608 Servata!
424 2532 531 2605 sedes
549 2557 616 2604 vos
635 2556 698 2625 per
717 2530 923 2624 inhospitas

275 2670 401 2744 Dueet
421 2670 596 2756 Jehovaa
617 2670 850 2742 barbarorum

326 2811 523 2885 Fertilibus
541 2811 732 2905 positurus
749 2809 854 2906 agris.

229 2955 282 3027 ‚tt
301 2970 339 3026 tu
361 2952 521 3039 Sabaeas,
540 2964 658 3045 tuque
679 2949 845 3024 Arabum
863 2951 995 3026 domos

228 3094 407 3192 Victique
427 3094 504 3169 Nili
525 3095 662 3190 templa
680 3098 873 3168 trementia

278 3235 449 3309 Clamore
469 3234 599 3328 pulsa!
630 3249 669 3305 tu
691 3258 753 3327 per
769 3234 893 3306 orbem

327 3372 431 3446 Vade
449 3374 547 3458 citis,
566 3397 643 3467 age,
662 3386 768 3445 vecta
787 3373 929 3466 pennis,

229 3517 380 3592 Vocalis
399 3516 524 3590 Echo!
557 3514 629 3591 Dic
648 3515 755 3589 maris
772 3539 925 3611 aequora

231 3660 428 3743 concreta,
446 3660 507 3731 dic
523 3672 560 3730 et
576 3682 667 3731 saxa
685 3657 865 3753 liquentia
881 3687 892 3740 ;

281 3801 500 3894 Gentesque
517 3796 656 3872 circum
675 3799 777 3873 dirus
798 3799 919 3873 horror

333 3943 379 4017 Et
397 3942 557 4038 populos
574 3942 744 4036 quatiant
761 3965 912 4038 pavores
929 3947 937 4013 ἒ
