2670 4836
435 521 565 578 uusn
596 476 881 579 nronsusns.
1100 520 1170 582 :ns

142 689 295 765 Scilicet
314 690 374 764 bic
393 691 521 790 Byrsae
541 707 639 766 tutas
656 695 844 767 custodiet
860 718 973 778 arces,

190 833 317 925 Quem
335 834 477 909 dudum
498 834 650 909 hostiles
668 838 865 908 edomuere
882 835 1037 910 manus?

145 971 316 1045 Mascula
334 996 405 1046 non
426 973 480 1046 illi
500 975 630 1059 virtus,
651 996 723 1047 non
742 974 866 1047 vivida
882 973 980 1047 bello

196 1110 360 1184 Dextera
376 1141 384 1195 ς
410 1113 579 1186 femineis
596 1115 715 1208 aptior
731 1114 793 1188 iiie
809 1114 945 1189 choris.

147 1247 242 1322 Orat
257 1273 366 1344 opem
385 1253 574 1348 profugus,
593 1251 753 1352 Libycas
770 1253 912 1346 ejectus
928 1252 973 1325 ad
990 1275 1092 1336 oras;
1129 1259 1176 1323 25

197 1387 284 1461 Non
302 1390 391 1463 satis
408 1405 477 1479 est,
495 1414 662 1488 regnum,
681 1391 845 1478 dextera,
863 1391 982 1465 danda
997 1390 1111 1475 fides;

147 1528 252 1603 Dum
272 1530 366 1624 petis
386 1529 520 1605 liiacos
537 1531 689 1606 demens
707 1533 833 1609 audire
850 1533 1003 1621 iabores,
1094 1554 1099 1565 “

196 1669 302 1743 Dum
322 1670 463 1746 Paridis
480 1672 560 1746 falsi
576 1675 729 1749 crimina
744 1689 831 1749 nota
849 1688 986 1771 patent,

148 1808 254 1883 Num
272 1809 361 1882 latet
378 1807 523 1884 AEnean
541 1812 587 1884 ab
604 1813 732 1886 ebdem
748 1826 857 1910 gente
875 1827 1050 1900 creatum,

201 1945 397 2037 Perjurum
414 1950 551 2043 patrios
568 1950 705 2046 {ingere
723 1974 830 2046 posse
846 1951 978 2024 dolos?
1135 1956 1183 2023 30

152 2089 374 2179 Quinetiam
393 2089 493 2163 hunc
512 2091 673 2165 referunt
692 2091 853 2165 humeris
870 2089 1033 2186 portisse
1056 2111 1183 2184 paren·

302 2244 390 2316 tem,

201 2368 354 2467 ignibus
375 2368 473 2442 hunc
491 2370 629 2464 patrios
646 2370 824 2466 eripuisse
843 2370 968 2455 De0s;

153 2511 254 2585 Tum
273 2526 359 2585 nota
374 2511 511 2585 enituit
530 2512 658 2607 pietas,
676 2511 764 2587 curn
783 2514 895 2611 liquit
912 2526 1105 2597 amantem,

207 2648 309 2724 Cum
328 2652 418 2725 socii
438 2652 532 2749 fugit
547 2653 684 2726 soedera
702 2669 809 2749 rupta
828 2655 909 2728 tori.

159 2795 229 2882 En,
246 2818 341 2868 mare
360 2794 527 2889 turbatur
545 2794 721 2880 trabibus,
736 2796 933 2890 ventisque
946 2794 1119 2867 secundis
1144 2802 1191 2867 35

211 2935 349 3009 Tendit
365 2937 409 3009 ad
432 2939 572 3033 ignotas
592 2958 654 3029 per
671 2935 759 3008 freta
776 2937 882 3034 longa
902 2937 1045 3032 plagas;

162 3076 252 3151 Nou
273 3101 384 3161 amor,
403 3091 468 3149 aut
481 3077 619 3167 jactata
636 3074 739 3157 fides,
760 3075 922 3169 pietasve
940 3074 1093 3160 reducit,

216 3216 302 3289 Non
324 3215 391 3290 tibi
409 3239 472 3310 per
491 3215 624 3308 patrios
642 3215 794 3287 dextera
812 3228 919 3309 pacta
938 3212 1061 3295 Deos;

167 3357 256 3431 Nou
276 3358 451 3431 moritura
469 3380 581 3451 super
597 3356 736 3429 crudeii
756 3357 880 3429 funere
899 3354 1012 3443 Dido,

218 3495 307 3569 Non
325 3509 450 3569 movet
468 3497 612 3569 accensi
628 3496 775 3569 flamma
792 3519 962 3591 suprema
980 3495 1077 3593 rogi:
1153 3502 1200 3568 40

171 3640 331 3715 Exercet
349 3640 481 3734 patrias
497 3641 642 3713 fraudes
656 3668 667 3724 3
696 3637 893 3711 Phoenissa
909 3651 1099 3714 cruentam

226 3780 390 3853 Maturst
407 3779 511 3852 furiis
528 3780 714 3876 exagitata
731 3802 857 3853 necem
873 3809 883 3865 ;

174 3923 258 3999 Jarn
277 3924 418 3996 scandit
437 3922 634 3995 malesana
651 3947 769 4019 rogos,
787 3946 990 4017 ensemque
1005 3919 1179 4004 recludit;

224 4063 307 4137 dam
327 4062 470 4158 trepido
485 4061 617 4136 falsum
636 4074 690 4134 ter
708 4076 816 4136 vocat
834 4086 896 4136 ore
909 4083 1075 4156 procum.
