2670 4836
144 544 216 609 918
439 538 571 595 MUSAE
601 537 891 595 ETONENSES.

449 807 534 848 Vl’l'AE
556 806 603 847 ΜΒ
624 804 733 848 REDDE
755 804 881 847 r’mom.

1031 964 1056 997 a·
1066 960 1094 997 o.
1107 948 1180 999 ms.

148 1256 368 1332 Orrarurr
383 1281 522 1331 exosus
540 1283 692 1357 regnum
710 1283 895 1355 curasque
914 1282 1104 1355 perennes,

197 1396 487 1495 Amplexusque
503 1399 596 1473 asini
614 1399 710 1473 colla
723 1399 913 1496 jubasque
929 1402 1003 1490 sui,

149 1540 344 1615 Exclamat
354 1540 522 1628 Sancbo;
546 1554 570 1587 ‘⁴
583 1541 684 1635 Quis
695 1566 755 1617 rne
769 1546 888 1617 malus
901 1544 1057 1619 abstulit
1067 1543 1180 1619 error?

197 1692 220 1727 ‘²
242 1682 344 1773 Quae
362 1706 466 1757 mens
483 1685 521 1756 in
540 1708 647 1757 curas
665 1685 831 1759 officiosa
848 1686 963 1761 suas?

148 1822 1192 1922 “Huc,Asine,omihipostnullosmemorandesodales‚

197 1977 220 2011 “
242 1966 333 2041 Huc
350 1969 450 2053 ades,
467 1993 491 2041 o
509 1968 660 2043 domino
678 1994 821 2065 semper
837 1970 956 2043 amice
975 1974 1067 2043 tuo!
1100 2042 1103 2047 ,
1161 1973 1188 2044 6

147 2122 171 2155 “
191 2109 244 2185 Ut
262 2112 369 2186 fronti
387 2113 608 2186 incumbens
627 2113 783 2209 repetita
798 2126 851 2186 ter
863 2115 994 2186 oscula
1007 2135 1182 2213 pangam

196 2268 220 2300 “
240 2253 350 2328 Mille
368 2278 449 2327 mea
466 2240 717 2329 utnumerem
736 2255 864 2340 tristia,
883 2254 985 2327 mille
1011 2266 1088 2327 tua.

147 2395 617 2479 “Nosdu'oturbasumusr
636 2411 753 2491 tuque
764 2397 1182 2491 omniaprosperascnsu

196 2549 219 2582 “
238 2539 427 2615 Concordi
443 2537 640 2624 exhilaras,
658 2542 783 2611 omnia
800 2539 898 2612 laeva
913 2540 1045 2635 gemis.
1143 2546 1182 2610 10

146 2693 169 2727 “
188 2682 242 2757 Ut
260 2683 411 2755 memini
431 2682 595 2776 placidos
613 2681 745 2753 laetum
764 2705 823 2753 me
840 2681 999 2754 condere
1015 2681 1126 2764 soles,

132 2816 136 2825 '
194 2834 217 2871 “
238 2825 343 2899 Dum
362 2825 479 2920 patrio
499 2824 620 2897 tenuit
638 2849 705 2897 nos
723 2824 795 2897 lare
813 2838 896 2901 tuta
912 2826 1062 2899 domus.

145 2975 168 3009 “
188 2963 407 3039 Gaudebam
426 2963 545 3057 plenis
563 2962 629 3034 tibi
649 2963 739 3035 ferre
756 2961 948 3036 canalibus
968 2964 1119 3050 undam,

193 3114 217 3150 “
238 3104 380 3179 Ponere
398 3118 436 3175 et
454 3102 602 3175 assidub
620 3102 756 3197 pabula
774 3103 874 3197 priva
894 3125 1022 3178 manu.

144 3255 167 3291 “
186 3246 271 3321 Aut
290 3245 453 3342 phaleras
470 3244 602 3316 sarcire
621 3257 716 3331 tuas,
735 3257 800 3316 aut
818 3240 932 3315 imbre
950 3244 1111 3341 lutoque
1138 3252 1176 3316 15

193 3399 217 3433 “
238 3387 339 3462 Cura
356 3399 431 3459 erat
448 3408 630 3481 aspersam
649 3383 906 3479 composuisse
920 3381 1064 3475 jubam.

145 3535 167 3572 “
186 3525 285 3601 Tum
304 3527 429 3623 lapsus
447 3525 546 3624 gyris
563 3523 672 3597 rediit
689 3523 860 3597 felicibus
878 3546 1012 3610 annus,

192 3677 217 3714 ‘⁸
237 3670 285 3743 Et
304 3669 392 3743 loeto
410 3667 527 3742 arrisit
546 3667 633 3740 laeta
650 3665 783 3739 Teresa
802 3667 895 3739 viro.

143 3819 166 3851 “
183 3810 237 3885 At
251 3812 347 3884 mala
361 3835 418 3883 me
433 3809 587 3881 ambitio
603 3819 764 3894 tentans,
775 3806 1177 3903 sponsamquefidelem

193 3963 219 3999 “
237 3952 394 4051 Impulit
411 3968 449 4025 et
468 3952 602 4049 patrios
619 3950 825 4025 deseruisse
844 3952 947 4026 lares.
1133 3958 1178 4022 20
