2670 4836
224 514 273 586 6⁰
520 519 654 595 muse
685 518 974 592 nrouunsns.

557 804 619 847 PRO
641 801 732 869 MORE
753 801 793 843 m·
814 799 939 843 MONTE·

663 1104 821 1117 m

226 1277 252 1350 J
256 1301 317 1352 nm
338 1279 425 1351 satis
444 1279 643 1353 instructas
661 1281 773 1352 solito
790 1303 856 1374 pro
873 1301 975 1350 more
996 1276 1168 1351 cohortes

275 1419 463 1494 Turbidus
483 1422 644 1494 hibernis
664 1421 793 1494 terruit
812 1419 927 1492 imber
944 1419 1050 1514 aquis
1067 1449 1077 1505 ;

227 1563 309 1637 Jam
330 1566 418 1636 satis
437 1564 582 1637 AEolios
603 1565 729 1657 Musae
747 1562 916 1634 cecinere
932 1562 1084 1646 furores,

277 1703 489 1799 Crebraque
507 1704 675 1776 nubifero
693 1716 780 1775 vota
799 1702 915 1774 tulere
932 1700 1033 1774 Jovi.

228 1843 336 1918 More
353 1868 451 1916 novo
470 1857 629 1916 veterem
648 1844 679 1914 si
698 1843 801 1915 curia
819 1840 931 1914 labier
955 1862 1095 1912 annum
1247 1852 1270 1913 5

275 1983 409 2068 tussit,
428 2000 465 2056 ct
483 1998 641 2056 errantes
659 1981 797 2056 rectilis
816 1982 866 2052 ire
884 1980 986 2064 dies;

227 2123 280 2198 Ut
297 2124 389 2197 mihi
408 2148 509 2198 more
526 2148 624 2196 novo
644 2123 791 2196 Montis
808 2121 991 2195 celebrare
1010 2117 1246 2212 triumphum

276 2267 345 2340 Fas
363 2267 424 2352 sit,
442 2282 480 2340 et
498 2266 755 2362 optatofigere
771 2265 877 2362 signa
888 2263 996 2358 jugo,

226 2409 281 2482 Te
299 2409 475 2503 supplex,
495 2421 533 2478 te
551 2408 620 2478 rite
637 2429 789 2499 precor3
817 2428 894 2497 quo
913 2403 1073 2498 praeside
1092 2415 1216 2476 nostra

276 2546 418 2620 Laetior
435 2547 569 2618 aestivo
588 2559 752 2640 tempore
771 2568 907 2637 pompa
926 2546 1045 2628 nitet3
1093 2646 1096 2651 .
1227 2555 1270 2617 10

227 2690 319 2782 Quo
337 2714 404 2762 nec
422 2689 532 2763 saevit
551 2689 681 2774 hiems,
700 2712 769 2760 nec
789 2688 851 2759 feti
870 2686 1032 2759 febribus
1051 2689 1181 2775 austri,

274 2832 358 2905 Nec
378 2832 469 2929 proli
487 2833 656 2929 genetrix
676 2832 842 2905 officiosa
861 2831 981 2904 timet.

226 2975 309 3052 Nec
328 2977 444 3072 pudet
461 2974 664 3049 imbriferos
684 2974 833 3048 hiemali
851 2973 969 3046 sidere
988 2974 1135 3047 nimbos

275 3119 409 3195 Etonae
428 3133 596 3193 tenerum
615 3120 821 3191 detinuisse
838 3118 986 3191 ducem.

227 3261 328 3336 cum
342 3284 464 3355 neque
475 3261 771 3332 securummovit
783 3259 1044 3332 Fredericusin
1057 3257 1206 3332 bostem
1223 3268 1267 3332 15

276 3402 346 3477 Per
363 3402 504 3475 steriles
521 3401 664 3475 brumae
682 3401 809 3497 segnia
825 3400 922 3473 bella
938 3424 1057 3473 moras
1074 3425 1085 3485 ;

225 3545 365 3638 Quem,
383 3543 497 3617 simul
515 3544 677 3618 horrenti
697 3542 900 3615 mitescunt
917 3543 1048 3640 frigora
1071 3566 1218 3638 campo,

275 3686 506 3761 Indomitum
525 3685 664 3759 vindex
684 3698 790 3782 urget
808 3685 846 3756 in
865 3706 963 3757 arma
980 3685 1092 3758 furor.

225 3829 330 3923 Quid
350 3838 451 3901 vetet
469 3839 506 3899 et
524 3839 670 3900 nosmet
687 3827 773 3899 belli
793 3825 989 3901 simulacra
1006 3825 1149 3900 cientes

274 3969 336 4043 Ad
354 3981 508 4043 martem
527 3979 668 4042 teneras
688 3969 894 4042 instituisse
912 3968 1079 4059 manus?
1219 3975 1270 4040 90
