2670 4836
199 558 269 633 194
491 559 626 617 MUSAE
656 558 946 615 ETONENSES.

400 740 534 782 SOl'lTOS
557 738 739 780 obnubunt*
761 737 887 780 sortn'u
908 735 1035 779 SENSUS·

73 844 79 860 ·
198 830 304 884 Harrir.
1084 840 1145 879 mn.
1159 812 1301 878 1755·

197 1017 283 1092 Puri
303 1034 452 1115 vegetos
471 1020 592 1092 infusa
610 1033 709 1092 ortus
729 1019 784 1088 vis
804 1017 976 1113 languida
992 1015 1116 1089 somni
1220 1064 1223 1071 -

195 1160 325 1234 Totam
343 1163 492 1237 hebetat
511 1163 659 1249 molem,
675 1162 897 1256 tardumque
912 1162 948 1232 in
968 1183 1122 1255 corpore
1137 1156 1316 1231 viru&

195 1303 333 1377 Miscet
348 1305 471 1377 alens:
501 1303 660 1398 primbm
678 1305 814 1395 virgam
831 1329 892 1398 per
909 1318 1074 1399 tempora
1089 1292 1324 1399 quassat‘)

196 1442 438 1538 Prospectum
458 1446 618 1537 eripiens
636 1444 770 1527 oculis
789 1460 827 1516 et
846 1445 988 1516 lumina
1005 1443 1133 1516 furtim

195 1584 311 1659 Caecn
330 1600 440 1658 nocte
458 1587 603 1679 operit:
631 1588 857 1681 secretisque
875 1587 962 1658 inde
978 1585 1130 1659 latebris
1213 1595 1231 1658 5
1328 1572 1332 1611 ³

1 1771 2 1778 κ
107 1807 114 1814 ‚
196 1726 361 1800 Pectoris
380 1728 575 1820 obrepens,
597 1728 623 1797 it
641 1729 776 1798 sensim
797 1753 949 1822 corpore
968 1742 1049 1801 toto

193 1868 346 1942 Viribus
367 1870 550 1957 insidiata,
569 1883 605 1938 et
624 1869 786 1940 masculo
805 1869 930 1941 robora
949 1871 1129 1961 membris,

193 2013 312 2089 Exuit
334 2012 542 2099 Herculem,
563 2012 814 2106 humerosque
830 2012 1008 2106 relinquit
1026 2013 1173 2085 inertes.

241 2154 295 2229 At
315 2171 361 2239 te,
384 2159 514 2251 (quam
538 2156 695 2251 primirm
716 2157 812 2228 lucis
829 2157 875 2228 de
891 2157 993 2228 fonte
1011 2158 1162 2250 perenni

191 2299 425 2395 Desumpsit‚
434 2300 628 2394 jussitque
637 2298 745 2371 Pater
754 2313 990 2370 contemnere
1002 2297 1173 2393 mortem)
1190 2307 1228 2370 10

190 2439 303 2540 Ignea
322 2466 439 2525 mens,
459 2467 531 2513 non
554 2441 629 2512 ulla
646 2441 753 2534 quies
772 2440 1022 2533 placidissima
1037 2439 1161 2513 somni

190 2581 319 2655 Altius
338 2583 496 2664 invasit3
526 2606 599 2652 non
619 2606 718 2655 aurae
737 2582 918 2676 simplicis
936 2583 1059 2680 ignem

187 2719 385 2796 Colluvies
401 2721 500 2794 soeda
518 2723 701 2805 extinxit,
721 2723 890 2794 tenuitve
906 2723 1051 2799 carcub.

186 2864 337 2939 Scilicet
356 2867 604 2937 immemorem
625 2889 796 2938 curarum
814 2869 1013 2962 operisque
1030 2866 1152 2940 diurni

185 3008 320 3081 Vivida
339 3008 394 3079 vis
413 3008 578 3079 animum
599 3009 705 3102 rapit,
724 3024 761 3078 et
776 3009 846 3080 sub
865 3023 974 3080 nocte
990 3008 1116 3080 silenti
1183 3015 1221 3078 15

186 3151 305 3225 Exilit
324 3152 359 3222 in
379 3151 533 3232 somnis,
554 3150 772 3244 volucrique
792 3172 855 3242 per
871 3152 952 3221 nera
973 3147 1081 3243 lapsu

183 3291 321 3365 Omnia
339 3292 534 3364 collustrat
553 3291 625 3362 late
644 3291 735 3376 locu,
756 3289 877 3361 nescia
893 3288 1022 3360 subter

181 3432 388 3527 Torpentes
409 3431 570 3505 habitare
589 3433 693 3504 sinus
711 3462 719 3514 ;
751 3433 836 3505 binc
855 3432 996 3503 somnia
1017 3431 1151 3522 passim

183 3573 400 3647 Occurrunt
420 3598 603 3669 vaoaeque
623 3575 777 3663 umbrae,
796 3574 1028 3667 confusaque
1045 3594 1164 3645 rerum

181 3713 372 3805 Objicitur
391 3692 505 3784 menti
525 3714 659 3785 series:
688 3714 768 3784 sine
790 3735 888 3784 nrore
906 3711 1077 3784 volamus
1174 3706 1229 3781 20'

180 3853 276 3927 Saxa
297 3876 370 3946 per,
390 3865 427 3922 et
447 3852 600 3937 lluetus,
617 3854 816 3950 gelidoque
832 3853 903 3933 sub
922 3851 1073 3926 aetheris
1090 3874 1171 3925 axe.

179 3994 295 4068 Nunc
315 3993 421 4065 vivos
439 3996 581 4065 circum
599 3996 731 4082 fontes,
749 4010 787 4067 et
805 4017 951 4068 amoenn
970 3993 1085 4067 vireta
1149 4056 1160 4073 .
