2678 4830
166 564 237 627 314
435 562 567 619 MUSAE
600 552 891 616 eredentes.

520 838 637 883 {ARBAS
655 838 833 888 bonumne.

167 995 261 1050 Beate.
823 1048 825 1053 ¹
1061 1006 1090 1040 e.
1104 1002 1132 1039 n.
1148 984 1207 1039 lli&

534 1134 841 1175 m

167 1302 222 1376 Er
243 1303 388 1375 tandem
408 1304 553 1377 valuere
569 1324 707 1398 preces,
726 1303 973 1400 pinguesque
988 1318 1062 1398 per
1078 1318 1156 1376 arae

215 1438 358 1516 Molliit
374 1466 540 1516 aversum
559 1443 710 1516 victima
727 1460 825 1516 caesa
842 1440 1003 1516 lovem.

165 1580 317 1656 Occidit
338 1583 481 1655 infamis
501 1595 690 1677 properato
705 1583 831 1656 funere
849 1573 973 1666 Dido,

214 1721 366 1795 Occidit
383 1735 469 1794 ante
485 1742 591 1795 suern
610 1722 728 1819 turpis
746 1722 864 1794 amica
877 1718 999 1798 diem.

163 1862 315 1936 Scilicet
331 1876 368 1936 et
385 1879 526 1937 nostras
543 1864 731 1959 quondam
749 1864 982 1958 contempsit
1001 1882 1160 1953 ammes,
1183 1877 1200 1936 t

212 2004 396 2100 Quotque
412 2001 523 2077 lrabet
540 2005 702 2101 egregins
720 2002 847 2078 Africa
865 2014 964 2077 terra
980 2003 1130 2091 ducem

164 2144 218 2222 At
236 2149 363 2245 pendit
381 2150 525 2222 meritas
544 2149 683 2246 ingrata
699 2146 871 2242 superbia
888 2162 1048 2241 peenas,

214 2286 373 2362 Lascivo
392 2288 537 2361 meritas
555 2300 688 2383 ruptus
706 2304 828 2359 amore
845 2285 981 2379 pudor.

164 2426 252 2503 Non
272 2432 365 2504 hanc
384 2445 505 2503 noster
522 2450 635 2516 amor,
647 2448 721 2502 non
737 2426 831 2500 hanc
845 2427 1061 2522 despectus
1078 2426 1201 2515 Imber,

212 2570 300 2641 Non
318 2571 481 2643 animum
501 2566 635 2667 Libyte
653 2582 796 2665 sceptra
812 2565 977 2661 superba
992 2582 1173 2650 movent:

163 2711 314 2783 Scilicet
333 2711 413 2785 haec
434 2711 628 2807 prohibent
646 2708 720 2784 iido
739 2710 916 2806 promissa
932 2708 1113 2803 sichaeo,
1166 2722 1196 2785 ll

212 2849 362 2924 Scilicet
380 2852 462 2924 lraec
479 2874 669 2946 nunquam
689 2849 925 2924 dissoluenda
945 2850 1071 2928 fides!

82 3038 88 3045 ,
162 2993 308 3066 Siccine
328 3007 528 3088 pertaesum
548 2993 711 3078 thalami,
730 2990 815 3064 edm
834 2966 966 3086 raptus
990 2995 1040 3068 ad
1062 2994 1198 3069 umbrae

210 3131 285 3206 Iret
303 3135 484 3229 praecipiti
503 3136 631 3207 sunere
649 3135 788 3230 primus
805 3132 937 3208 amor?

163 3272 260 3362 Hoc,
281 3271 364 3358 hoc,
383 3290 490 3368 pacta
507 3273 596 3346 fides
614 3273 821 3369 devotaque
840 3275 983 3367 temple
1001 3275 1168 3361 sicnaeo,

208 3411 386 3509 Quaeque
403 3415 594 3488 coronavit
610 3417 704 3487 vitta
721 3426 859 3487 sacrata
876 3430 1010 3509 capnt,
1159 3417 1196 3492 16

161 3551 332 3625 Hoccine
350 3553 517 3648 perpetui
537 3554 698 3651 gemitus
714 3552 900 3650 fletusque
919 3556 1119 3649 parabant,

209 3687 404 3784 Lapsaque
422 3715 483 3787 per
499 3705 651 3765 moestes
664 3706 774 3790 gutte
790 3690 918 3766 dolosa
932 3697 1084 3792 genesi
1139 3690 1142 3695 ’

48 3814 51 3819 ’
158 3827 210 3901 Ut
229 3828 373 3900 tandem
394 3831 515 3902 fovent
533 3833 758 3929 peregrinam
774 3828 911 3927 perlida
928 3833 1140 3928 dammam,

204 3968 342 4066 Turpis
362 3985 403 4044 ut
420 3986 578 4049 externo
592 3975 699 4048 cedat
719 3974 816 4049 Elisa
835 3982 976 4072 procn.'
1153 3986 1194 4054 20
