2670 4836
146 508 218 575 934
437 513 570 571 MUSAE
599 513 891 574 E‘I‘ONENSES·

427 742 430 747 ’
478 728 482 739 ’
530 763 811 869 Εω’ῶς,ῑεώο.μ.,

147 938 280 1013 Conway..
1028 965 1056 1000 Δ.
1071 964 1096 1000 b.
1108 953 1181 1011 nna.

553 1118 789 1165 m

144 1258 344 1335 Vrnrnrus
363 1261 515 1335 excelsi
531 1265 720 1359 profugam
734 1264 781 1336 de
799 1285 889 1358 rupe
906 1261 1088 1358 capellum

194 1397 432 1496 Praecipitem
451 1401 571 1496 ruptis
587 1402 769 1475 exiluisse
788 1401 927 1499 plagia;

143 1538 320 1614 Vidimus
338 1555 382 1614 et.
393 1542 496 1616 lento
513 1545 728 1638 deprensam
746 1544 979 1628 acalanthida
996 1545 1114 1634 visco,

193 1680 399 1755 Luctantes
416 1682 515 1756 foliis
534 1684 715 1779 eripuisse
733 1685 866 1780 peden:
911 1742 915 1747 .
968 1748 974 1754 .
1069 1722 1080 1729 -·

143 1823 198 1895 At
216 1847 340 1918 neque
357 1823 505 1896 fallaces
523 1824 657 1900 iterum
676 1825 769 1919 petit
788 1825 905 1899 inscia
923 1827 1083 1918 frondes,
1165 1845 1187 1904 ὁ

192 1963 275 2037 Aut
294 1963 428 2036 iterum
448 1978 556 2058 notua
576 1965 773 2038 immemor
790 1964 853 2038 illa
870 1967 999 2054 dolon

143 2105 231 2181 Non
249 2106 363 2179 semel
383 2106 496 2180 astuti
518 2105 660 2202 laqueis
679 2107 802 2202 elapsa
820 2108 942 2182 coloni

193 2242 378 2343 Impediet
396 2246 507 2320 laesos
525 2261 635 2319 cauta
652 2246 795 2342 capella
812 2246 937 2340 pedes.

87 2472 89 2477 ¹
145 2383 323 2471 N0s‚'ubi
343 2386 502 2460 soliciloe
520 2386 636 2458 sessos
655 2411 718 2480 per
735 2386 848 2460 taedia
865 2386 954 2461 vitae
981 2360 985 2368 Ι

196 2524 415 2600 Condiderit
435 2538 543 2620 portu
562 2539 644 2598 tuta
660 2542 810 2599 senecta
826 2550 907 2613 suo,
1148 2541 1195 2606 10

6 2695 8 2704 ’
146 2667 228 2742 Nec
247 2668 346 2766 piget
363 2691 520 2740 annosas
539 2668 673 2741 iterum
690 2669 846 2744 solvisse
864 2672 1017 2755 carinas,

174 2830 177 2843 ·
196 2809 279 2883 Nec
296 2808 381 2882 dare
399 2808 577 2883 nubiferis
595 2811 676 2883 vela
693 2812 841 2886 serenda
857 2812 969 2887 notis.

145 2953 233 3028 Nou
250 2952 339 3025 satis
358 2949 545 3026 hibernam
562 2953 676 3026 semel
694 2966 752 3027 ert
768 2953 883 3027 vitare
900 2954 1115 3050 procellam,

194 3095 281 3169 Nou
300 3093 414 3169 semel
431 3095 602 3169 adversos
619 3096 803 3171 solicitare
822 3095 936 3172 Deos.

146 3237 251 3331 Quin
272 3237 404 3310 iterum
422 3237 576 3310 reduces
594 3251 768 3333 optamus
787 3238 901 3312 labier
916 3264 1045 3330 annos,
1145 3253 1191 3319 15

195 3380 326 3478 Atque
343 3382 476 3457 iterum
495 3383 603 3455 certis
621 3383 825 3457 indoluisse
844 3383 962 3458 melia.
1007 3355 1012 3360 Δ

144 3525 273 3600 Nauta
289 3547 403 3598 senex
424 3523 512 3598 laetl
529 3526 701 3622 queritur.
715 3524 903 3620 projectus
921 3525 1042 3612 areni,

196 3668 364 3766 AEquure
383 3668 445 3743 ubi
467 3668 559 3743 lenis
575 3669 706 3743 stravit
722 3669 842 3742 amica
859 3683 995 3754 notus;

146 3815 195 3889 Et
211 3814 300 3889 freta
318 3813 548 3908 prospiciens
567 3812 646 3886 uoti
662 3835 774 3908 super
792 3811 945 3886 humida
962 3812 1082 3909 ponti,

194 3952 288 4026 Tam
305 3951 384 4027 cire
400 3965 565 4028 mutatus
582 3951 649 4026 liet
666 3953 815 4049 periisse
832 3952 923 4027 dies.
