2670 4836
153 524 222 594 186
433 535 576 591 musa:
608 532 897 593 s'rounnsns.

456 802 587 843 NOCTEM
612 801 744 842 ADDENS
764 803 877 864 ΟΓΕΕΙ.

147 930 182 985 Ε.
197 930 288 1002 Tigna

548 1111 555 1117 -
673 1108 687 1115 -·
699 1109 795 1117 ..η-η--

146 1257 243 1331 Nox
261 1255 465 1330 veneranda
483 1256 573 1341 retii,
591 1268 790 1350 totumque
809 1280 871 1349 per
888 1255 1031 1331 aethera
1045 1282 1186 1355 repens

198 1398 426 1495 Purpuream
445 1398 593 1471 claudat
611 1400 745 1493 gratior
763 1397 893 1471 umbra
909 1400 1022 1475 diem.

145 1542 299 1617 Scilicet
316 1556 441 1615 amoto
459 1541 594 1615 melius
612 1540 755 1637 fulgore
773 1540 845 1612 diei

196 1682 310 1757 Mens
327 1682 464 1776 poterit
481 1680 619 1755 studiis
638 1693 724 1774 apta
741 1704 872 1752 vacare
888 1681 981 1754 suis.

146 1826 230 1903 Nec
243 1825 651 1931 Phoebus‚quanquam
663 1826 782 1913 coeios
795 1826 1024 1901 manifestior
1040 1843 1198 1917 ornetssr

197 1964 319 2051 Luna,
338 1977 448 2038 tuum
467 1967 571 2036 novit
589 1965 858 2039 comminuisse
875 1966 1006 2040 decus.

145 2108 206 2183 Tu
225 2108 360 2203 pariter
375 2107 513 2179 studiis
529 2106 668 2200 gaudes
686 2130 902 2179 succurrere
920 2109 1055 2194 sacris;

159 2340 170 2359 Ρ
195 2248 255 2324 Τυ
275 2249 409 2345 pariter
428 2247 588 2320 medicas
606 2246 747 2342 dirigis,
770 2247 879 2334 aima,
896 2270 1042 2323 manus.

144 2362 201 2468 Te
221 2407 341 2480 vocat,
360 2406 541 2465 astrorum
559 2392 678 2464 varios
698 2406 896 2487 utcunque
913 2410 1060 2467 meatus

196 2533 353 2631 ingenio
372 2533 499 2627 cupiat
517 2534 776 2629 supposuisse,
794 2535 951 2630 sophus.
1153 2553 1202 2619 10

144 2674 201 2750 Te
219 2690 328 2750 vocat
345 2688 384 2747 et
402 2687 517 2755 vates,
534 2673 636 2747 surdi
655 2673 745 2750 ciam
764 2679 1067 2768 nominamus,

196 2815 245 2891 Et
261 2816 413 2890 dubiam
432 2816 562 2888 frustra
578 2817 781 2890 solicitavit
798 2841 922 2913 opem.

146 2960 246 3033 Nam
259 2985 382 3057 neque
396 2957 544 3033 Parnasi
560 2983 705 3056 semper
713 2961 819 3058 juga,
833 2987 918 3035 nam
930 2955 1056 3059 neque
1069 2962 1197 3059 Pindi,

195 3103 294 3179 Nam
314 3126 436 3198 neque
453 3098 635 3175 'Castaliae
652 3102 808 3175 flumina
827 3101 958 3175 blanda
978 3118 1119 3199 patent.

147 3244 251 3321 Hinc
268 3271 353 3345 ego,
369 3245 430 3316 cui
452 3267 541 3317 rarae
560 3243 717 3316 veniunt
737 3245 772 3316 in
792 3246 953 3318 carmina
972 3247 1093 3333 vires,
1115 3260 1197 3327 :als

196 3386 272 3462 Cui
292 3388 383 3483 regit
401 3400 560 3458 errantes
581 3384 684 3456 nulia
703 3382 866 3459 Camena
882 3388 1032 3483 gradus,

147 3530 278 3606 Irritus
298 3529 484 3603 Auroram
505 3527 674 3621 imploro,
695 3527 896 3625 lucemque
913 3532 1083 3627 fugacem

196 3669 417 3766 Conqueror
434 3669 470 3742 in
490 3693 607 3765 nugas
625 3693 698 3743 non
718 3671 808 3745 satis
827 3696 908 3745 esse
925 3695 1053 3747 meas:

146 3810 381 3907 Conqueror,
399 3825 438 3883 et
455 3809 586 3884 molles
603 3835 731 3884 arcens
750 3812 796 3884 de
814 3828 962 3908 pectore
980 3837 1136 3889 somnos

195 3954 415 4032 Deducturn
435 3981 579 4046 moveo,
598 3972 709 4035 nocte
726 3958 885 4049 favente,
902 3958 1034 4035 melos.
1143 3970 1196 4038 20
