2670 4836
405 537 537 593 MUSAE
570 534 862 592 montenses.
991 581 999 605 „
1069 518 1143 586 336

102 702 200 779 Haec
219 708 317 781 mihi*
322 708 413 800 jam,
432 707 663 804 Rhedycina‚
683 731 802 804 paraa;
820 703 884 778 sed
902 705 1015 780 serior
1032 720 1136 795 aetas,
1212 693 1213 696 ¹

153 846 256 944 (Sive
274 849 424 938 hiemes,
442 848 609 943 placidos
626 871 692 920 seu
708 847 796 920 leret
814 846 876 919 illa
893 845 986 940 dies)

102 986 265 1064 Condita
283 991 450 1066 terrificae
470 991 559 1063 latet
576 992 615 1062 in
631 989 788 1086 caligine
806 987 940 1076 noctis,

152 1131 254 1222 Quae
274 1157 354 1205 mea
368 1157 426 1205 me
445 1133 600 1205 ulterius
618 1154 767 1204 cernere
781 1130 855 1201 lata
873 1141 987 1202 vetat.

101 1271 281 1347 Attamen
295 1274 390 1362 haec,
402 1274 708 1372 qubsuutmagis
722 1272 846 1346 abdita
859 1273 1139 1368 temporavitae,

153 1413 261 1491 Heu!
291 1419 406 1515 magia
422 1417 503 1491 haec
519 1418 643 1489 auimo
661 1427 750 1488 sunt
765 1415 962 1488 metuenda
977 1439 1073 1492 mco.
1091 1419 1139 1490 26
1259 1478 1262 1484 .

103 1556 270 1635 Osacrae
290 1567 431 1634 turres!
460 1561 578 1633 ouoti
600 1559 765 1632 fluminis
786 1557 910 1646 undae,

151 1698 328 1795 Silvaque
347 1697 521 1774 Castaliis
536 1724 682 1796 semper
698 1713 820 1772 amata
834 1699 958 1772 choris
975 1705 984 1773 l

102 1840 230 1934 Quam
250 1842 396 1929 vellem,
416 1843 517 1916 tantlr
537 1866 698 1916 vacuum
717 1841 912 1915 formidine
931 1867 1055 1918 rursus

154 1980 220 2054 Me
238 1982 339 2054 daret
358 1984 395 2054 in
414 1997 554 2053 vestros
573 1981 649 2054 vita
666 1981 806 2076 relapsa
821 1984 951 2056 sinus!
1094 1996 1142 2061 30

103 2123 157 2196 Ut
175 2125 275 2221 piget
294 2124 362 2197 hos
379 2127 496 2200 saltus
513 2140 550 2195 et
568 2124 692 2197 dulcia
712 2124 878 2220 linquere
895 2150 990 2209 rura,

155 2264 204 2337 Et
220 2265 359 2350 studio,
377 2279 415 2336 et
433 2265 517 2337 lusu
537 2263 791 2348 concelebrata
809 2272 914 2339 meo!

103 2406 177 2481 Sed
197 2432 255 2480 me
272 2421 510 2479 cunctantem
528 2403 685 2479 nimium
705 2421 847 2479 matura
859 2406 1044 2498 juventus

154 2549 177 2621 J
181 2573 237 2622 am
257 2562 384 2623 monet
399 2563 563 2622 assuetas
575 2511 788 2622 'deseruisse
805 2551 949 2625 domus.

104 2693 221 2767 Nunc
242 2692 353 2764 etiam
378 2705 589 2765 extremum
617 2692 813 2790 indulgens
840 2694 929 2767 mihi
951 2694 1065 2770 Musa
1093 2697 1144 2768 la·

227 2933 229 2938 Ι
254 2830 380 2903 burem
485 2931 489 2935 .
1007 2883 1010 2886 ·
1095 2849 1142 2914 35

155 2971 330 3048 Carmina
345 2996 408 3068 per
425 2986 581 3085 moestos
599 2973 662 3046 dat
682 2975 904 3048 modulanda
918 2978 1042 3074 pedes.

104 3116 222 3192 Nunc
240 3117 365 3204 etiam,
383 3141 403 3187 a
420 3114 522 3188 dulci
538 3141 686 3190 secessu
704 3115 861 3203 abitura,
876 3144 1094 3216 supremum

154 3257 260 3334 Voce
278 3259 385 3331 refert
404 3256 607 3356 lacrymans
623 3256 833 3346 deficiente,
854 3259 946 3333 vale.

105 3400 195 3476 Non
216 3416 334 3474 tamen
356 3399 416 3472 illa
436 3399 537 3497 prius
554 3401 732 3487 discedat,
752 3400 864 3497 quiam
881 3363 946 3477 tibi
965 3417 1088 3503 grates

157 3540 386 3625 Reddiderit,
405 3540 561 3614 doctum
579 3543 646 3638 qui
666 3542 852 3616 moderare
866 3567 1027 3643 gregem.
1095 3557 1143 3622 40

104 3682 251 3761 Debuit
269 3685 332 3757 illa
349 3708 436 3757 suas
453 3701 549 3757 artes
569 3684 656 3769 tibi;
684 3707 772 3779 quae
790 3685 903 3773 cauit,
922 3684 1048 3761 hausit

154 3826 328 3902 Carmina
344 3828 542 3922 praeceptis
557 3827 838 3922 qualiacunque
858 3829 946 3903 tuis.

104 3969 201 4042 Nam
223 3968 432 4041 meminisse
445 3966 570 4058 juvat,
583 3965 670 4040 cum
688 3993 745 4040 me
760 3981 825 4040 tua
840 3970 956 4064 prima
971 3971 1144 4046 tenellam
1159 4062 1162 4068 y

153 4111 280 4206 Duxit
298 4114 343 4187 ad
364 4111 479 4187 Aonii
497 4112 650 4187 dextera
667 4113 784 4189 sontis
803 4138 942 4210 aquau;
