<?xml version="1.0" encoding="UTF-8"?>
<!DOCTYPE html PUBLIC "-//W3C//DTD XHTML 1.0 Transitional//EN"
    "http://www.w3.org/TR/xhtml1/DTD/xhtml1-transitional.dtd">
<html xmlns="http://www.w3.org/1999/xhtml" xml:lang="en" lang="en">
 <head>
  <title>
</title>
<meta http-equiv="Content-Type" content="text/html;charset=utf-8" />
  <meta name='ocr-system' content='tesseract 3.04.00' />
  <meta name='ocr-capabilities' content='ocr_page ocr_carea ocr_par ocr_line ocrx_word'/>
</head>
<body>
  <div class='ocr_page' id='page_1' title='image "./musetonensesseu00unkngoog_0232.png"; bbox 0 0 2670 4836; ppageno 0'>
   <div class='ocr_carea' id='block_1_1' title="bbox 439 450 1181 524">
    <p class='ocr_par' dir='ltr' id='par_1_1' title="bbox 439 450 1181 524">
     <span class='ocr_line' id='line_1_1' title="bbox 439 450 1181 524; baseline -0.013 0"><span class='ocrx_word' id='word_1_1' title='bbox 439 466 575 524; x_wconf 72' lang='lat' dir='ltr'>MUSAE</span> <span class='ocrx_word' id='word_1_2' title='bbox 605 460 885 522; x_wconf 76' lang='lat' dir='ltr'><strong>ETONENSES.</strong></span> <span class='ocrx_word' id='word_1_3' title='bbox 1108 450 1181 517; x_wconf 76' lang='lat'><strong>215</strong></span> 
     </span>
    </p>
   </div>
   <div class='ocr_carea' id='block_1_2' title="bbox 142 633 1192 2715">
    <p class='ocr_par' dir='ltr' id='par_1_2' title="bbox 142 633 1192 2715">
     <span class='ocr_line' id='line_1_2' title="bbox 142 633 1097 733; baseline -0.002 -22"><span class='ocrx_word' id='word_1_4' title='bbox 142 645 166 682; x_wconf 79' lang='lat'><strong>‘⁸</strong></span> <span class='ocrx_word' id='word_1_5' title='bbox 188 635 373 711; x_wconf 86' lang='lat' dir='ltr'><strong>Protenus</strong></span> <span class='ocrx_word' id='word_1_6' title='bbox 391 651 447 710; x_wconf 84' lang='lat' dir='ltr'><strong>est</strong></span> <span class='ocrx_word' id='word_1_7' title='bbox 464 639 546 711; x_wconf 87' lang='lat' dir='ltr'><strong>aliis</strong></span> <span class='ocrx_word' id='word_1_8' title='bbox 565 653 631 713; x_wconf 88' lang='lat' dir='ltr'><strong>tua</strong></span> <span class='ocrx_word' id='word_1_9' title='bbox 648 634 914 733; x_wconf 88' lang='lat' dir='ltr'><strong>conspicienda</strong></span> <span class='ocrx_word' id='word_1_10' title='bbox 932 633 1097 724; x_wconf 82' lang='lat' dir='ltr'><strong>theatris,</strong></span> 
     </span>
     <span class='ocr_line' id='line_1_3' title="bbox 193 777 975 852; baseline -0.001 -1"><span class='ocrx_word' id='word_1_11' title='bbox 193 789 215 822; x_wconf 88' lang='lat'><strong>“</strong></span> <span class='ocrx_word' id='word_1_12' title='bbox 235 777 368 851; x_wconf 80' lang='lat' dir='ltr'>Nescit</span> <span class='ocrx_word' id='word_1_13' title='bbox 386 792 424 849; x_wconf 94' lang='lat' dir='ltr'><strong>et</strong></span> <span class='ocrx_word' id='word_1_14' title='bbox 442 778 499 851; x_wconf 87' lang='lat' dir='ltr'><strong>his</strong></span> <span class='ocrx_word' id='word_1_15' title='bbox 519 779 614 852; x_wconf 88' lang='lat' dir='ltr'><strong>ultro</strong></span> <span class='ocrx_word' id='word_1_16' title='bbox 632 778 756 851; x_wconf 85' lang='lat' dir='ltr'><strong>saliere</strong></span> <span class='ocrx_word' id='word_1_17' title='bbox 774 778 852 850; x_wconf 86' lang='lat' dir='ltr'><strong>vita</strong></span> <span class='ocrx_word' id='word_1_18' title='bbox 870 778 975 850; x_wconf 87' lang='lat' dir='ltr'><strong>locis.</strong></span> 
     </span>
     <span class='ocr_line' id='line_1_4' title="bbox 144 917 1134 1016; baseline 0.001 -24"><span class='ocrx_word' id='word_1_19' title='bbox 144 928 167 963; x_wconf 92' lang='lat'><strong>“</strong></span> <span class='ocrx_word' id='word_1_20' title='bbox 188 918 253 1004; x_wconf 87' lang='lat' dir='ltr'><strong>At,</strong></span> <span class='ocrx_word' id='word_1_21' title='bbox 273 919 504 1014; x_wconf 75' lang='lat' dir='ltr'><strong>quacunque·</strong></span> <span class='ocrx_word' id='word_1_22' title='bbox 516 922 629 1015; x_wconf 88' lang='lat' dir='ltr'><strong>pedes</strong></span> <span class='ocrx_word' id='word_1_23' title='bbox 647 944 712 1016; x_wconf 88' lang='lat' dir='ltr'><strong>per</strong></span> <span class='ocrx_word' id='word_1_24' title='bbox 730 919 820 992; x_wconf 84' lang='lat' dir='ltr'><strong>vitae</strong></span> <span class='ocrx_word' id='word_1_25' title='bbox 836 917 977 991; x_wconf 89' lang='lat' dir='ltr'><strong>lubrica</strong></span> <span class='ocrx_word' id='word_1_26' title='bbox 994 919 1134 1008; x_wconf 87' lang='lat' dir='ltr'><strong>flectas,</strong></span> 
     </span>
     <span class='ocr_line' id='line_1_5' title="bbox 193 1059 902 1157; baseline 0 -24"><span class='ocrx_word' id='word_1_27' title='bbox 193 1068 217 1105; x_wconf 77' lang='lat'><strong>‘⁴</strong></span> <span class='ocrx_word' id='word_1_28' title='bbox 236 1059 292 1133; x_wconf 92' lang='lat' dir='ltr'><strong>Sit</strong></span> <span class='ocrx_word' id='word_1_29' title='bbox 311 1060 379 1132; x_wconf 91' lang='lat' dir='ltr'><strong>tibi</strong></span> <span class='ocrx_word' id='word_1_30' title='bbox 398 1061 565 1134; x_wconf 86' lang='lat' dir='ltr'><strong>custodis</strong></span> <span class='ocrx_word' id='word_1_31' title='bbox 582 1062 698 1157; x_wconf 81' lang='lat' dir='ltr'><strong>gratia</strong></span> <span class='ocrx_word' id='word_1_32' title='bbox 714 1060 815 1133; x_wconf 86' lang='lat' dir='ltr'><strong>salva</strong></span> <span class='ocrx_word' id='word_1_33' title='bbox 833 1061 902 1134; x_wconf 90' lang='lat' dir='ltr'><strong>tui.</strong></span> 
     </span>
     <span class='ocr_line' id='line_1_6' title="bbox 143 1199 1185 1289; baseline 0 -12"><span class='ocrx_word' id='word_1_34' title='bbox 143 1212 168 1249; x_wconf 90' lang='lat'>“</span> <span class='ocrx_word' id='word_1_35' title='bbox 188 1202 245 1277; x_wconf 90' lang='lat' dir='ltr'><strong>Sit</strong></span> <span class='ocrx_word' id='word_1_36' title='bbox 263 1199 330 1273; x_wconf 89' lang='lat' dir='ltr'><strong>tibi</strong></span> <span class='ocrx_word' id='word_1_37' title='bbox 348 1201 422 1273; x_wconf 88' lang='lat' dir='ltr'><strong>fida</strong></span> <span class='ocrx_word' id='word_1_38' title='bbox 439 1227 563 1276; x_wconf 88' lang='lat' dir='ltr'><strong>comes</strong></span> <span class='ocrx_word' id='word_1_39' title='bbox 581 1204 723 1288; x_wconf 76' lang='lat' dir='ltr'><strong>virtus3</strong></span> <span class='ocrx_word' id='word_1_40' title='bbox 750 1227 793 1274; x_wconf 88' lang='lat' dir='ltr'><strong>ea</strong></span> <span class='ocrx_word' id='word_1_41' title='bbox 810 1202 900 1289; x_wconf 88' lang='lat' dir='ltr'><strong>sola,</strong></span> <span class='ocrx_word' id='word_1_42' title='bbox 919 1201 1087 1277; x_wconf 86' lang='lat' dir='ltr'><strong>laborum</strong></span> <span class='ocrx_word' id='word_1_43' title='bbox 1138 1212 1185 1277; x_wconf 76' lang='lat'><strong>95</strong></span> 
     </span>
     <span class='ocr_line' id='line_1_7' title="bbox 194 1343 1041 1443; baseline 0.006 -27"><span class='ocrx_word' id='word_1_44' title='bbox 194 1353 219 1387; x_wconf 86' lang='lat'>“</span> <span class='ocrx_word' id='word_1_45' title='bbox 236 1343 445 1431; x_wconf 80' lang='lat' dir='ltr'><strong>Terminus,</strong></span> <span class='ocrx_word' id='word_1_46' title='bbox 464 1362 501 1419; x_wconf 91' lang='lat' dir='ltr'><strong>et</strong></span> <span class='ocrx_word' id='word_1_47' title='bbox 520 1347 642 1443; x_wconf 77' lang='lat' dir='ltr'><strong>longae</strong></span> <span class='ocrx_word' id='word_1_48' title='bbox 661 1359 761 1418; x_wconf 88' lang='lat' dir='ltr'><strong>meta</strong></span> <span class='ocrx_word' id='word_1_49' title='bbox 779 1346 938 1441; x_wconf 84' lang='lat' dir='ltr'><strong>petenda</strong></span> <span class='ocrx_word' id='word_1_50' title='bbox 954 1348 1041 1421; x_wconf 86' lang='lat' dir='ltr'><strong>viae.</strong></span> 
     </span>
     <span class='ocr_line' id='line_1_8' title="bbox 145 1486 1128 1585; baseline -0.002 -21"><span class='ocrx_word' id='word_1_51' title='bbox 145 1489 244 1564; x_wconf 87' lang='lat' dir='ltr'><strong>“Sit</strong></span> <span class='ocrx_word' id='word_1_52' title='bbox 262 1504 448 1584; x_wconf 82' lang='lat' dir='ltr'><strong>praerupta</strong></span> <span class='ocrx_word' id='word_1_53' title='bbox 466 1491 553 1564; x_wconf 85' lang='lat' dir='ltr'><strong>iicet</strong></span> <span class='ocrx_word' id='word_1_54' title='bbox 571 1491 751 1585; x_wconf 89' lang='lat' dir='ltr'><strong>durisque</strong></span> <span class='ocrx_word' id='word_1_55' title='bbox 767 1489 960 1563; x_wconf 87' lang='lat' dir='ltr'><strong>obstructa</strong></span> <span class='ocrx_word' id='word_1_56' title='bbox 974 1486 1128 1575; x_wconf 86' lang='lat' dir='ltr'><strong>rubetis,</strong></span> 
     </span>
     <span class='ocr_line' id='line_1_9' title="bbox 196 1631 941 1731; baseline 0.001 -27"><span class='ocrx_word' id='word_1_57' title='bbox 196 1643 220 1677; x_wconf 91' lang='lat'>“</span> <span class='ocrx_word' id='word_1_58' title='bbox 239 1631 287 1705; x_wconf 89' lang='lat' dir='ltr'><strong>Et</strong></span> <span class='ocrx_word' id='word_1_59' title='bbox 306 1632 551 1731; x_wconf 83' lang='lat' dir='ltr'><strong>labyrinthaeo</strong></span> <span class='ocrx_word' id='word_1_60' title='bbox 568 1635 699 1706; x_wconf 87' lang='lat' dir='ltr'><strong>semita</strong></span> <span class='ocrx_word' id='word_1_61' title='bbox 719 1646 813 1706; x_wconf 89' lang='lat' dir='ltr'><strong>torta</strong></span> <span class='ocrx_word' id='word_1_62' title='bbox 830 1633 941 1718; x_wconf 87' lang='lat' dir='ltr'><strong>dolo;</strong></span> 
     </span>
     <span class='ocr_line' id='line_1_10' title="bbox 146 1772 1152 1871; baseline -0.003 -23"><span class='ocrx_word' id='word_1_63' title='bbox 146 1783 172 1819; x_wconf 80' lang='lat'><strong>‘⁸</strong></span> <span class='ocrx_word' id='word_1_64' title='bbox 192 1774 398 1871; x_wconf 82' lang='lat' dir='ltr'>Ingrediare</span> <span class='ocrx_word' id='word_1_65' title='bbox 416 1791 562 1862; x_wconf 69' lang='lat' dir='ltr'><strong>tamem</strong></span> <span class='ocrx_word' id='word_1_66' title='bbox 592 1777 716 1849; x_wconf 86' lang='lat' dir='ltr'><strong>dumis</strong></span> <span class='ocrx_word' id='word_1_67' title='bbox 735 1774 990 1870; x_wconf 85' lang='lat' dir='ltr'><strong>vepribusque</strong></span> <span class='ocrx_word' id='word_1_68' title='bbox 1001 1772 1152 1866; x_wconf 83' lang='lat' dir='ltr'><strong>juvabit</strong></span> 
     </span>
     <span class='ocr_line' id='line_1_11' title="bbox 199 1915 1192 2010; baseline 0 -22"><span class='ocrx_word' id='word_1_69' title='bbox 199 1926 224 1960; x_wconf 77' lang='lat'><strong>‘⁶</strong></span> <span class='ocrx_word' id='word_1_70' title='bbox 243 1915 401 1989; x_wconf 87' lang='lat' dir='ltr'><strong>Fortiter</strong></span> <span class='ocrx_word' id='word_1_71' title='bbox 418 1917 587 1990; x_wconf 87' lang='lat' dir='ltr'><strong>adversas</strong></span> <span class='ocrx_word' id='word_1_72' title='bbox 605 1918 831 2010; x_wconf 88' lang='lat' dir='ltr'><strong>opposuisse</strong></span> <span class='ocrx_word' id='word_1_73' title='bbox 849 1939 993 1991; x_wconf 86' lang='lat' dir='ltr'><strong>manus.</strong></span> <span class='ocrx_word' id='word_1_74' title='bbox 1143 1925 1192 1992; x_wconf 76' lang='lat'><strong>³0</strong></span> 
     </span>
     <span class='ocr_line' id='line_1_12' title="bbox 151 2055 1080 2147; baseline -0.002 -15"><span class='ocrx_word' id='word_1_75' title='bbox 151 2064 177 2103; x_wconf 78' lang='lat'><strong>‘⁸</strong></span> <span class='ocrx_word' id='word_1_76' title='bbox 194 2055 250 2132; x_wconf 80' lang='lat' dir='ltr'><strong>At</strong></span> <span class='ocrx_word' id='word_1_77' title='bbox 267 2082 370 2147; x_wconf 88' lang='lat' dir='ltr'><strong>cave,</strong></span> <span class='ocrx_word' id='word_1_78' title='bbox 388 2083 435 2131; x_wconf 89' lang='lat' dir='ltr'><strong>ne</strong></span> <span class='ocrx_word' id='word_1_79' title='bbox 454 2059 576 2132; x_wconf 87' lang='lat' dir='ltr'><strong>medio</strong></span> <span class='ocrx_word' id='word_1_80' title='bbox 593 2059 770 2133; x_wconf 85' lang='lat' dir='ltr'><strong>deflectas</strong></span> <span class='ocrx_word' id='word_1_81' title='bbox 789 2060 933 2133; x_wconf 83' lang='lat' dir='ltr'><strong>tramite</strong></span> <span class='ocrx_word' id='word_1_82' title='bbox 948 2058 1080 2143; x_wconf 84' lang='lat' dir='ltr'><strong>fessus,</strong></span> 
     </span>
     <span class='ocr_line' id='line_1_13' title="bbox 202 2197 1002 2295; baseline 0.001 -25"><span class='ocrx_word' id='word_1_83' title='bbox 202 2206 227 2242; x_wconf 91' lang='lat'><strong>“</strong></span> <span class='ocrx_word' id='word_1_84' title='bbox 244 2197 375 2275; x_wconf 76' lang='lat' dir='ltr'><strong>Taedia</strong></span> <span class='ocrx_word' id='word_1_85' title='bbox 392 2199 570 2271; x_wconf 85' lang='lat' dir='ltr'><strong>inaccessi</strong></span> <span class='ocrx_word' id='word_1_86' title='bbox 591 2213 746 2293; x_wconf 87' lang='lat' dir='ltr'><strong>questus</strong></span> <span class='ocrx_word' id='word_1_87' title='bbox 764 2200 894 2294; x_wconf 84' lang='lat' dir='ltr'><strong>iniqua</strong></span> <span class='ocrx_word' id='word_1_88' title='bbox 906 2199 1002 2295; x_wconf 86' lang='lat' dir='ltr'><strong>jugi.</strong></span> 
     </span>
     <span class='ocr_line' id='line_1_14' title="bbox 152 2335 1169 2436; baseline -0.001 -26"><span class='ocrx_word' id='word_1_89' title='bbox 152 2344 181 2381; x_wconf 87' lang='lat'><strong>“</strong></span> <span class='ocrx_word' id='word_1_90' title='bbox 200 2335 313 2436; x_wconf 86' lang='lat' dir='ltr'><strong>Perge</strong></span> <span class='ocrx_word' id='word_1_91' title='bbox 331 2338 454 2424; x_wconf 72' lang='lat' dir='ltr'><strong>modi),</strong></span> <span class='ocrx_word' id='word_1_92' title='bbox 473 2355 511 2413; x_wconf 92' lang='lat' dir='ltr'><strong>et</strong></span> <span class='ocrx_word' id='word_1_93' title='bbox 528 2339 654 2413; x_wconf 80' lang='lat' dir='ltr'><strong>faciles</strong></span> <span class='ocrx_word' id='word_1_94' title='bbox 671 2340 795 2414; x_wconf 86' lang='lat' dir='ltr'><strong>aditus</strong></span> <span class='ocrx_word' id='word_1_95' title='bbox 813 2339 856 2413; x_wconf 88' lang='lat' dir='ltr'><strong>ad</strong></span> <span class='ocrx_word' id='word_1_96' title='bbox 875 2337 1015 2412; x_wconf 82' lang='lat' dir='ltr'><strong>caerula</strong></span> <span class='ocrx_word' id='word_1_97' title='bbox 1031 2335 1169 2431; x_wconf 90' lang='lat' dir='ltr'><strong>pandet</strong></span> 
     </span>
     <span class='ocr_line' id='line_1_15' title="bbox 205 2477 1167 2573; baseline -0.003 -23"><span class='ocrx_word' id='word_1_98' title='bbox 205 2490 228 2524; x_wconf 88' lang='lat'><strong>“</strong></span> <span class='ocrx_word' id='word_1_99' title='bbox 246 2477 403 2573; x_wconf 87' lang='lat' dir='ltr'><strong>Templa</strong></span> <span class='ocrx_word' id='word_1_100' title='bbox 420 2478 501 2567; x_wconf 90' lang='lat' dir='ltr'><strong>tibi,</strong></span> <span class='ocrx_word' id='word_1_101' title='bbox 520 2503 670 2553; x_wconf 89' lang='lat' dir='ltr'><strong>emenso</strong></span> <span class='ocrx_word' id='word_1_102' title='bbox 687 2492 825 2569; x_wconf 87' lang='lat' dir='ltr'><strong>monte,</strong></span> <span class='ocrx_word' id='word_1_103' title='bbox 843 2500 1040 2572; x_wconf 87' lang='lat' dir='ltr'><strong>supremus</strong></span> <span class='ocrx_word' id='word_1_104' title='bbox 1056 2498 1167 2571; x_wconf 85' lang='lat' dir='ltr'><strong>apex.</strong></span> 
     </span>
     <span class='ocr_line' id='line_1_16' title="bbox 157 2616 1191 2715; baseline -0.004 -21"><span class='ocrx_word' id='word_1_105' title='bbox 157 2626 184 2664; x_wconf 79' lang='lat'><strong>‘⁸</strong></span> <span class='ocrx_word' id='word_1_106' title='bbox 202 2616 359 2695; x_wconf 84' lang='lat' dir='ltr'><strong>Praemia</strong></span> <span class='ocrx_word' id='word_1_107' title='bbox 374 2623 429 2697; x_wconf 88' lang='lat' dir='ltr'><strong>sic</strong></span> <span class='ocrx_word' id='word_1_108' title='bbox 447 2636 489 2696; x_wconf 89' lang='lat' dir='ltr'><strong>tu</strong></span> <span class='ocrx_word' id='word_1_109' title='bbox 503 2624 608 2715; x_wconf 88' lang='lat' dir='ltr'><strong>justa</strong></span> <span class='ocrx_word' id='word_1_110' title='bbox 624 2625 717 2698; x_wconf 86' lang='lat' dir='ltr'><strong>feres</strong></span> <span class='ocrx_word' id='word_1_111' title='bbox 733 2653 743 2709; x_wconf 92' lang='lat'>;</span> <span class='ocrx_word' id='word_1_112' title='bbox 769 2624 822 2697; x_wconf 87' lang='lat' dir='ltr'><strong>sic</strong></span> <span class='ocrx_word' id='word_1_113' title='bbox 843 2620 958 2697; x_wconf 86' lang='lat' dir='ltr'><strong>Musa</strong></span> <span class='ocrx_word' id='word_1_114' title='bbox 972 2617 1093 2693; x_wconf 89' lang='lat' dir='ltr'><strong>fidelis</strong></span> <span class='ocrx_word' id='word_1_115' title='bbox 1113 2622 1122 2643; x_wconf 77' lang='lat'><em>⁰</em></span> <span class='ocrx_word' id='word_1_116' title='bbox 1145 2628 1191 2693; x_wconf 79' lang='lat'><strong>35</strong></span> 
     </span>
    </p>
   </div>
   <div class='ocr_carea' id='block_1_3' title="bbox 205 2757 1111 2869">
    <p class='ocr_par' dir='ltr' id='par_1_3' title="bbox 205 2757 1111 2869">
     <span class='ocr_line' id='line_1_17' title="bbox 205 2757 1111 2869; baseline -0.008 -29"><span class='ocrx_word' id='word_1_117' title='bbox 205 2771 231 2809; x_wconf 76' lang='lat'><strong>⁴⁴</strong></span> <span class='ocrx_word' id='word_1_118' title='bbox 247 2764 303 2840; x_wconf 85' lang='lat' dir='ltr'><strong>Te</strong></span> <span class='ocrx_word' id='word_1_119' title='bbox 319 2764 489 2858; x_wconf 86' lang='lat' dir='ltr'><strong>celebret,</strong></span> <span class='ocrx_word' id='word_1_120' title='bbox 506 2768 655 2869; x_wconf 88' lang='lat' dir='ltr'><strong>qualem</strong></span> <span class='ocrx_word' id='word_1_121' title='bbox 668 2768 785 2860; x_wconf 84' lang='lat' dir='ltr'><strong>jactet</strong></span> <span class='ocrx_word' id='word_1_122' title='bbox 803 2765 937 2851; x_wconf 88' lang='lat' dir='ltr'><strong>Etona,</strong></span> <span class='ocrx_word' id='word_1_123' title='bbox 955 2757 1111 2837; x_wconf 87' lang='lat' dir='ltr'><strong>suum.”</strong></span> 
     </span>
    </p>
   </div>
   <div class='ocr_carea' id='block_1_4' title="bbox 0 0 1340 4836">
    <p class='ocr_par' dir='ltr' id='par_1_4' title="bbox 0 0 1340 4836">
     <span class='ocr_line' id='line_1_18' title="bbox 0 0 1340 4836; baseline 0 0"><span class='ocrx_word' id='word_1_124' title='bbox 0 0 1340 4836; x_wconf 95' lang='lat' dir='ltr'><strong> </strong></span> 
     </span>
    </p>
   </div>
  </div>
 </body>
</html>
