2670 4836
142 539 190 606 60
390 580 395 586 -
442 539 578 596 MUSAE
610 535 904 596 atone-tem.

299 818 318 858 *
340 834 453 881 esaan
478 835 678 880 tesoaaaun
703 834 805 877 sums
827 833 884 878 ssa
905 831 1024 877 sinam

142 948 236 1022 Pepys.
686 921 688 925 Ι
1026 964 1053 1001 Α.
1067 963 1095 1003 n.
1110 931 1228 1002 11⁵3

543 1123 779 1136 *nunna—-

144 1267 373 1347 Csaunus
392 1271 595 1348 obductam
613 1285 769 1347 curvato
786 1269 925 1346 vimine
945 1267 1112 1344 chartam

194 1410 239 1486 In
256 1414 421 1510 speciem
438 1415 543 1490 milvi
562 1415 724 1492 finxerat
740 1427 819 1489 arte
835 1437 951 1511 paen

145 1552 305 1629 Addidit
322 1573 361 1631 et
377 1559 547 1644 caudam,
566 1558 791 1655 paribusque
813 1580 877 1654 per
892 1555 1036 1632 aethera
1060 1555 1190 1653 pennis

193 1693 218 1767 J
223 1708 306 1768 usta
322 1695 425 1770 dedit
443 1698 552 1770 celeri
573 1699 734 1792 pondera
750 1700 841 1772 ferre
859 1710 961 1773 noto.

144 1835 313 1934 Quoque
331 1838 446 1936 magis
464 1851 617 1934 captent
634 1838 767 1913 oculos
783 1837 1010 1935 spectacula,
1028 1837 1162 1914 caudae

195 1976 356 2052 Pensilis
373 1978 542 2053 extreme
559 1992 661 2076 parte
678 1978 828 2052 lucerna
845 1981 972 2053 micat.
1166 1981 1187 2052 6

146 2117 234 2214 lpse
252 2133 382 2215 petens
400 2143 565 2216 campos,
585 2120 687 2194 fictoe
706 2144 770 2214 per
787 2121 896 2192 inane
913 2119 1078 2194 volucris

195 2257 354 2334 A'erium
374 2260 479 2334 tenui
496 2260 588 2334 fune
602 2261 784 2359 gubernat
802 2261 882 2335 iter.

147 2399 333 2474 Protenus
352 2401 438 2473 hinc
454 2401 624 2495 pavidam
645 2401 749 2495 pueri
767 2402 947 2496 trepidare
964 2425 1030 2496 per
1049 2400 1190 2491 urbem,

196 2538 388 2632 Quaerere‚
400 2539 494 2634 quid
507 2539 610 2612 terris
622 2537 704 2612 haec
717 2563 815 2612 nova
825 2553 988 2614 monstra
997 2542 1129 2619 ferant.
1148 2551 1190 2617 10

146 2681 245 2759 Mira
261 2682 327 2755 diu
349 2682 452 2755 tenui
471 2695 659 2755 scrutatus
684 2681 826 2756 lumina
845 2685 942 2758 vitro

196 2825 332 2925 Augur
349 2826 557 2899 inassuetos
574 2825 741 2921 concipit
757 2828 836 2921 ipse
854 2839 989 2902 metus.

148 2968 254 3062 Quid
267 2972 407 3060 timeat,
420 2970 557 3055 nescit;
572 2983 695 3043 tamen
709 2969 855 3045 horrida
865 2993 1032 3065 quaeque
1043 2970 1190 3046 timenti

197 3110 418 3185 Pestiferam
438 3113 536 3185 certe
549 3125 697 3184 constat
715 3111 842 3184 adesse
855 3109 989 3203 jubar:

145 3252 219 3327 Vel
237 3253 394 3328 rutilum
412 3255 493 3325 ferri
508 3253 611 3344 jurat
629 3254 710 3325 sine
728 3253 809 3350 lege
826 3268 1023 3341 cometam,
1147 3265 1192 3331 15

195 3393 321 3470 Sidera
338 3394 398 3467 vei
417 3395 515 3467 notis
533 3394 662 3467 cedere
679 3405 779 3466 mota
797 3393 902 3471 locis.

146 3534 207 3611 Sic
226 3549 263 3608 et
283 3537 528 3634 Hyperboreo
547 3538 629 3610 loca
648 3559 712 3629 per
729 3533 899 3628 subjecte
917 3534 1046 3611 Trioni

195 3673 319 3750 Corda
338 3677 490 3751 humilis
508 3678 638 3751 stravit
655 3677 830 3774 gentibus
848 3702 945 3774 aegra
962 3703 1089 3776 pavor,

144 3816 248 3894 Cdm
266 3815 388 3890 videre
406 3842 522 3892 novos
540 3820 770 3894 flammarum
790 3819 975 3896 albescere
994 3835 1149 3909 tractus,

193 3961 243 4036 Et
261 3959 423 4040 nitidum
442 3961 597 4071 insolite!
609 3962 696 4038 luce
714 3961 844 4038 rubere
860 3963 1004 4060 polum.
1141 3973 1196 4041 20
