2670 4836
439 537 573 595 MUEAE
603 538 890 603 ETONENSEG.

154 699 297 800 l'ropoea
314 725 489 804 surgeut;
517 711 582 785 sed
599 713 679 785 siue
696 712 812 808 gloria

152 834 362 922 Condentur
379 873 507 923 omnes
528 851 823 950 illacrymabiles,

242 989 473 1087 Quicunque
489 995 639 1069 dextras
658 997 916 1069 immerentum

288 1132 475 1229 Sanguine
492 1137 771 1211 commaculant
788 1137 946 1234 tyranni.

158 1261 182 1346 l,
199 1275 328 1369 stringe
345 1276 500 1350 ferrum!
532 1292 649 1350 morte
667 1280 772 1350 luant
790 1279 913 1350 scelus

159 1406 235 1487 bisti
254 1433 445 1511 parentum
461 1425 469 1493 l
483 1429 557 1474 -“
578 1419 666 1491 Non
683 1445 751 1516 ego
772 1423 899 1516 (quem
917 1442 1035 1515 genus
1158 1475 1161 1479 .

243 1567 263 1601 ‘⁴
283 1558 455 1644 Mortale,
475 1585 588 1654 quem
607 1562 774 1633 eoelestis
791 1562 883 1634 ordo

290 1711 313 1741 “
335 1701 506 1797 Invocat)
528 1701 782 1797 Omnipotens
800 1701 965 1786 Creator,

162 1848 179 1878 ‘⁴
195 1840 271 1916 Non
292 1846 352 1915 cui
374 1845 536 1918 rubescit
555 1846 710 1927 fulmine
727 1845 894 1929 dextera,

158 1981 349 2081 “Impune
367 1986 499 2063 laesum
517 2011 724 2083 conquerar
740 1989 927 2081 impotens

242 2139 264 2172 “
284 2130 449 2216 Numen,
464 2132 530 2204 sed
543 2133 764 2226 extinguam
786 2132 955 2204 nefandae

292 2284 314 2316 “
335 2271 499 2345 Nomina
518 2272 769 2366 reliquiasque
785 2272 907 2361 gentis
922 2269 960 2343 :''
1138 2275 1187 2342 80

147 2412 304 2512 (Jehova
322 2415 435 2509 dixit)
467 2423 490 2456 “
512 2415 600 2504 Qult
622 2414 788 2512 Babylon
807 2431 923 2509 caput

141 2570 168 2606 “
187 2560 367 2646 sublime,
387 2585 504 2655 nuper
521 2561 630 2656 regia,
648 2559 804 2632 sustulit
821 2588 831 2644 ς

242 2715 266 2749 «ι
289 2701 682 2775 praenuntiamus
703 2701 873 2796 pronam
962 2664 965 2673 ’

293 2853 317 2888 “
338 2842 448 2917 Unda
467 2843 595 2925 laebs3
625 2844 831 2938 laticesque
845 2842 966 2916 foedos

143 2997 172 3034 ‘⁴
192 2987 292 3061 lnter
311 2987 486 3083 palustris
504 2999 709 3081 perstrepet
725 2985 844 3069 ardea,
1142 2992 1188 3055 85

144 3140 172 3174 ‘⁶
193 3129 369 3224 Lugubre
387 3131 546 3225 plorans.
601 3126 775 3223 lmproba
791 3126 931 3199 senties

248 3283 271 3318 “
289 3273 432 3359 Tellus,
451 3275 543 3371 quid
561 3273 754 3369 indignata
771 3269 891 3368 magui

296 3427 321 3459 “
341 3413 487 3490 Dextra
505 3388 582 3488 Dei
597 3414 860 3509 scelerumque
877 3410 1015 3485 vindex

147 3546 180 3600 θ’
194 3551 337 3628 Jehove
356 3557 497 3652 possit:
526 3571 701 3650 protenus
718 3568 757 3627 et
773 3577 877 3628 sacro

149 3707 177 3742 “
196 3695 312 3794 Super
329 3697 454 3772 Sionis
471 3698 637 3771 culmine
651 3697 838 3792 principes

253 3849 275 3884 “
294 3840 473 3940 Frangam
492 3839 684 3937 superbos,
698 3853 736 3912 et
754 3839 936 3913 minacem

302 3997 325 4030 ‘⁸
346 3983 554 4080 Subjicism
568 3985 731 4081 pedibus
747 3976 991 4082 tyranuum.”
