2670 4836
145 495 219 566 990
461 509 594 565 uusn
626 507 923 566 nrounnsns.

147 684 233 779 lpsa
251 695 360 754 vetus
380 679 584 776 Memphis,
603 679 758 776 tothue
777 679 966 778 AEgyptus
985 680 1023 753 in
1042 681 1105 754 orl

146 826 170 898 J
173 839 270 898 aetat
284 824 420 914 adhuc,
430 827 561 920 priscae
575 823 1074 924 monumentalroecmystica
1084 826 1184 899 famae

148 966 392 1066 Pyramidum
411 966 540 1050 moles,
560 978 598 1037 et
616 966 699 1038 fana
719 965 883 1062 ingentia
903 965 1058 1047 Divom.

147 1117 299 1191 Scilicet
321 1131 362 1189 ut
382 1118 516 1211 primas
536 1116 648 1215 ignari
667 1128 819 1211 gutture
839 1139 949 1187 voces

149 1259 361 1343 Ediderant‚
381 1259 499 1332 varios
518 1257 645 1353 linguei
664 1281 785 1352 neque
804 1255 941 1354 fingere
955 1269 1094 1342 motus,
1144 1269 1186 1331 95

151 1400 340 1474 Dentibus
367 1415 432 1474 aut
461 1425 637 1497 premere,
660 1413 726 1473 aut
751 1424 1000 1495 compressam
1027 1398 1187 1473 scindere

297 1541 405 1614 labris

150 1680 377 1776 Cognorant‚
397 1682 574 1776 strepitus
594 1679 740 1753 tnutlrm
759 1679 1009 1776 informesque
1028 1679 1186 1776 loquelas

150 1822 438 1917 Continuasque
457 1822 539 1894 rudi
559 1820 763 1894 fundebant
783 1846 969 1894 murmure
988 1847 1115 1899 voces.

151 1960 348 2056 Praecipue
366 1963 396 2033 si
415 1963 507 2034 forte
527 1964 638 2045 furor,
657 1961 831 2036 subitlrve
855 1965 1046 2038 tumultus

148 2105 331 2202 Tarrgeret
350 2105 524 2177 insolitus
545 2105 761 2198 praecordiu,
781 2103 838 2175 vel
857 2104 962 2178 dolor
979 2106 1109 2204 ingens
1143 2116 1182 2181 30

149 2248 311 2322 Ossibus
329 2249 469 2320 arderet
486 2278 495 2334 ;
523 2261 603 2320 tum
623 2247 774 2320 immani
795 2272 894 2320 more
912 2249 1072 2324 ferarum

148 2391 288 2463 Nescio
308 2391 399 2485 quid
418 2391 581 2474 fremere,
600 2403 637 2462 et
656 2390 863 2487 mugitibus
882 2391 1107 2484 imperfectis

146 2533 413 2628 Nequicqunm
432 2533 580 2604 clausos
598 2532 697 2604 effari
720 2533 879 2627 pectoris
896 2549 1016 2608 aestns

145 2673 380 2748 'l'entabnntz
411 2699 492 2746 nam
513 2700 580 2748 nec
599 2699 805 2749 sermonem
826 2676 963 2774 fingere
981 2679 1125 2769 norant,

147 2815 229 2890 Aut
246 2816 421 2889 effrenem
442 2815 537 2887 ultro
555 2814 729 2888 cohibere
748 2817 785 2888 in
802 2831 956 2915 gutture
971 2844 1117 2895 vocem.
1139 2827 1175 2894 35

145 2959 231 3035 Non
252 2959 357 3031 aliter
373 2959 485 3054 quim
506 2958 571 3053 qui
594 2957 774 3034 Phoebeae
795 2959 931 3056 pollice
947 2963 1077 3039 crebro

146 3102 227 3177 Fila
245 3103 335 3201 lyrae
354 3101 489 3174 illusus
509 3101 633 3194 pulsat
652 3102 855 3191 stridentia,
874 3102 933 3175 vel
952 3127 1043 3199 quae

147 3248 252 3321 Laxa
270 3246 381 3318 nimis
400 3244 588 3342 languent,
609 3245 719 3317 nimis
737 3260 802 3318 aut
816 3260 993 3319 contenta
1011 3247 1171 3323 laborent:

145 3387 411 3482 Neqnicquem
433 3398 531 3457 totos
551 3409 764 3479 percurrens
781 3387 930 3483 pectine
948 3412 1081 3464 nervos
1120 3466 1123 3471 ξ
1168 3467 1171 3473 ,

145 3527 328 3612 Solicitat‚
350 3524 496 3598 tantum
514 3504 934 3625 fracra'imperfectaqne
952 3528 1080 3619 Musa,
1134 3531 1170 3601 u

147 3670 384 3767 Dissonaque
402 3674 597 3759 attonitam
615 3688 729 3746 vexat
746 3673 931 3775 discordie
949 3693 1120 3753 mentem.

195 3813 298 3887 Irrita
316 3813 369 3886 sic
391 3812 552 3909 primiun
571 3818 711 3890 miseris
728 3821 921 3894 conamina
938 3822 1033 3897 lusit

146 3959 262 4041 Error,
280 3971 318 4028 et
335 3969 507 4052 optantes
526 3958 656 4033 frustra
675 3984 741 4056 spe
759 3961 878 4037 multa
893 3962 1037 4037 fefellit.
1161 3927 1164 3933 ι
