2670 4836
422 578 557 635 unsa
590 576 886 634 turonenses.
1118 560 1185 633 195

144 749 351 825 Auricomb
367 753 490 826 fulvos
504 750 735 843 decerpimus
752 749 877 822 arbore
894 749 1060 822 fructus:

142 889 258 963 Nunc
277 893 371 964 inter
389 916 508 964 rerum
526 891 723 964 simulacra
739 905 777 964 et
795 893 916 963 inania
936 907 1097 964 monstra

141 1030 326 1107 Vadimus
344 1035 381 1105 in
399 1034 551 1106 dubiam
566 1047 720 1106 mortem
736 1063 744 1116 ;
772 1033 933 1128 durique
948 1034 1088 1108 labores
1138 1043 1186 1108 95

143 1174 335 1250 Victorem
351 1177 511 1271 perlecta
530 1178 662 1248 iterum
682 1201 745 1272 per
762 1177 835 1248 sata
851 1191 1065 1271 reposcunt.

194 1314 327 1410 Usque
343 1316 435 1389 adab
453 1318 634 1410 ancipites
652 1320 781 1391 vultus
799 1319 953 1413 pellacia
971 1320 1090 1393 somni

146 1456 290 1541 Induit,
307 1472 357 1543 et,
377 1459 514 1530 clausis
531 1483 747 1554 quanquam
766 1460 837 1532 sub
856 1474 967 1533 nocte
985 1462 1143 1558 nigranti

145 1598 384 1689 Luminibus,
404 1602 518 1673 menti
538 1603 687 1695 depicta
704 1604 866 1675 occurrit
885 1604 1018 1699 imago.

144 1743 252 1835 Quid
270 1744 430 1829 referam,
450 1744 570 1839 qualis
587 1745 745 1816 facunda
762 1745 908 1817 silentia
928 1746 1062 1840 promit
1143 1756 1190 1820 30

145 1885 385 1970 Causidicus,
405 1887 589 1982 nodisque
607 1888 801 1961 obscuram
819 1890 990 1962 evolvere
1010 1890 1128 1988 legem

147 2026 256 2100 Velle
273 2029 444 2101 videtur:
471 2044 509 2098 at
524 2030 718 2123 eloquium
737 2031 953 2103 simulantia
969 2033 1101 2104 frustra

150 2169 269 2247 Labra
286 2172 459 2265 frequens
476 2184 612 2254 movet,
631 2186 668 2242 et
687 2174 801 2243 nimia
818 2195 884 2265 spe
908 2173 1071 2246 fervidus
1090 2176 1168 2247 auri

133 2278 355 2385 ⁸Eucutitur
373 2333 516 2396 somno,
534 2326 573 2382 et
590 2312 693 2385 litem
711 2314 827 2408 gemit
845 2290 1112 2407 interruptam?

150 2453 256 2545 Quid
274 2455 353 2548 qui,
374 2478 435 2548 per
452 2466 599 2524 noctem
619 2454 805 2526 dementia
823 2470 940 2527 castra
958 2477 1124 2542 secutus,
1147 2467 1192 2533 35

152 2596 233 2670 Aut
251 2597 406 2693 glaciem
427 2595 562 2680 Rheni,
582 2610 647 2668 aut
668 2595 784 2690 Alpes
802 2598 946 2670 invadit
965 2601 1118 2674 acutas?

153 2739 222 2814 Ille
240 2739 464 2812 exclamanti
482 2737 615 2810 similis
632 2738 842 2833 similisque
860 2742 1004 2813 cadenti

153 2883 274 2956 Exilit
291 2904 476 2953 excussus
495 2880 605 2962 lecto,
624 2879 833 2973 fruiturque
851 2880 998 2973 periclis
1099 2882 1104 2891 ‘

154 3026 343 3121 Expertus
361 3046 481 3096 veram
499 3021 674 3094 simulata
691 3035 809 3092 morte
825 3021 997 3095 salutem.

153 3168 319 3243 Fallaces
337 3168 454 3250 visus,
472 3179 510 3236 et
528 3163 665 3257 perfida
682 3163 849 3236 somnia!
881 3187 945 3256 per
963 3188 1029 3235 vos
1151 3177 1198 3239 40

154 3310 359 3407 Imperium
379 3307 496 3405 pelagi
515 3320 666 3378 nautae:
695 3328 840 3378 saevum
863 3305 926 3378 ille
945 3305 1174 3404 Charybdim

151 3452 360 3547 Exuperat‚
379 3448 594 3546 Scyllaeque
611 3459 741 3532 aestus,
760 3458 797 3518 et
818 3461 927 3519 nocte
944 3448 1016 3520 sub
1035 3451 1108 3521 und

156 3596 319 3690 Europae
338 3592 508 3688 adjungit
526 3592 708 3686 Gangem,
727 3589 938 3684 spoliatque
955 3591 1139 3686 superbus

155 3738 287 3836 Regna
306 3736 403 3821 Indi,
423 3756 660 3832 gemmasque
679 3745 780 3803 tenet
795 3732 997 3828 digitisque
1015 3747 1187 3808 retractat

156 3879 371 3964 Exultans3
399 3896 529 3950 tenues
548 3877 612 3948 sed
625 3875 703 3965 jam
722 3875 897 3968 delapsus
916 3877 951 3949 in
971 3900 1077 3949 auras
1155 3888 1201 3950 45

153 4019 318 4096 Somnus
336 4019 426 4103 abit,
444 4016 691 4113 sequiturque
717 4027 904 4110 parentem
922 4018 1026 4090 dives
1045 4018 1177 4114 imago.

643 4185 666 4231 o
696 4170 718 4231 9
