2670 4836
247 478 319 543 334
545 495 679 552 MUSAE
712 495 1004 554 ETONENSES.

532 790 591 833 VOS
606 790 736 834 unm
750 791 790 834 ET
806 792 993 846 emunire,

245 921 384 994 Wellcrlcy.

627 1106 877 1143 π

238 1264 408 1355 Quums
429 1268 489 1341 ubi
512 1269 685 1343 indoctus
702 1282 846 1366 spectat
864 1270 909 1343 de
928 1269 1033 1343 litore
1050 1282 1165 1343 nauta

286 1406 465 1506 Undique
484 1413 662 1486 nimbosis
680 1437 858 1486 marmora
877 1438 977 1486 versa
995 1413 1094 1485 notis
1111 1443 1120 1498 ;

236 1548 436 1648 Surgentes
455 1552 595 1627 fluctus
612 1567 752 1650 stupet,
771 1568 809 1625 et
826 1554 899 1626 fera
917 1576 1105 1627 murmura
1124 1557 1244 1650 ponti,

285 1691 333 1766 Et
350 1693 419 1766 sibi
440 1695 634 1768 tentandas
652 1694 813 1790 pallidus
834 1694 955 1768 horret
972 1719 1113 1791 aquas:

235 1832 336 1907 Talis
353 1861 421 1935 ego
439 1838 622 1933 aspiciens
641 1835 793 1932 propius
812 1838 904 1908 vada
924 1836 1071 1914 turbida
1088 1840 1194 1927 vitae,
1253 1853 1274 1914 5

284 1972 415 2072 Atque
434 1991 519 2050 tuos
533 1976 664 2070 jussus
683 1954 863 2071 linquere,
885 1975 1018 2067 Etona,
1036 1977 1169 2067 sinus3

232 2117 394 2208 Teneor,
413 2147 433 2193 e
453 2136 536 2196 tuto
555 2137 726 2194 metuens
744 2120 925 2194 excedere
943 2137 1068 2218 portu,

282 2266 331 2340 Et
348 2268 432 2339 dare
451 2290 514 2361 per
531 2276 676 2339 vastum
698 2264 852 2360 parvula
870 2262 951 2336 vela
967 2286 1080 2348 mare,

231 2408 330 2507 Num
349 2409 440 2481 milri
460 2432 560 2480 nunc
579 2407 697 2504 primo
716 2407 753 2477 in
772 2405 926 2479 decessu
946 2405 1077 2480 nubilo
1094 2431 1207 2483 cerno

281 2549 407 2624 Mults
421 2549 636 2646 procellosis
652 2572 801 2644 surgere
819 2550 894 2622 feto
911 2548 1038 2624 minis.
1228 2564 1268 2629 10

230 2692 326 2780 Juni,
346 2693 474 2765 turrita
491 2715 616 2765 cornus
634 2704 672 2763 et
689 2688 883 2782 majestate
902 2692 1104 2780 tremenda,

280 2832 383 2906 Ante
400 2831 531 2906 oculos
551 2830 698 2928 propior
714 2846 788 2905 stat
808 2830 1031 2930 Rhedycina
1046 2857 1173 2911 meos:

227 2976 310 3050 Jarn
331 2987 430 3072 parat
446 2974 606 3069 asperior
622 2974 736 3046 studii
757 2971 939 3046 Doctrina
954 2975 1073 3049 severi

278 3114 402 3191 Corda
418 3139 481 3211 per
499 3113 666 3187 insolitus
680 3113 903 3188 discrucinre
920 3115 1046 3188 vices:

225 3258 305 3334 Stat
323 3259 440 3330 fronte
454 3255 629 3329 Euclides
642 3254 800 3343 austerl,
814 3278 928 3351 quem
944 3256 1068 3330 tremit
1080 3261 1206 3336 omnis
1227 3273 1265 3336 15

277 3400 433 3484 Pindus,
451 3410 490 3469 et
510 3395 623 3469 Aonii
643 3394 751 3468 turba
764 3418 897 3469 canora
909 3396 1018 3494 jugi3

225 3542 468 3636 Intentutque
487 3536 578 3610 milri
597 3537 755 3621 chartus,
773 3561 868 3633 quas
887 3536 1047 3632 plurima
1062 3564 1178 3638 supra

272 3684 309 3758 lt
327 3680 583 3780 labyrinthaeis
601 3679 698 3753 lineo
713 3680 829 3754 ducta
846 3681 958 3755 notis.

222 3826 328 3922 Quin
348 3825 451 3899 tenui
470 3821 624 3919 eloquio
641 3821 765 3910 rixari,
784 3834 822 3894 et
840 3836 987 3897 nectere
1003 3823 1117 3896 verba

271 3969 417 4066 Arguto
435 3988 543 4062 cogar
561 3963 720 4061 litigiosa
737 3962 838 4037 dolo.
1216 3973 1262 4040 20
