2670 4836
164 489 211 551 80
282 509 285 514 ’
440 502 580 559 MUSAE
610 496 898 557 ETONENSES.

472 775 577 820 VOGA'P
598 776 707 820 LABOR
726 775 882 819 UL'HMUS·

554 1054 789 1096 Q

157 1237 380 1313 Poscruuu
398 1266 406 1307 τ
434 1251 482 1322 at,
503 1235 608 1309 nobis
627 1238 656 1308 si
674 1238 742 1309 rite
759 1236 994 1330 precantibus
1010 1236 1102 1312 olim

204 1379 357 1453 Dixeris
374 1391 556 1474 optatum,
577 1377 701 1466 Musa,
720 1392 843 1474 rogata
864 1379 990 1465 melos,

154 1518 269 1593 Nunc
286 1543 438 1614 quoque
454 1531 491 1589 et
508 1519 659 1590 emerito
678 1541 839 1612 praesens
856 1541 1029 1590 succurre
1043 1521 1191 1614 poetoer

204 1660 315 1733 Dorra
331 1661 448 1731 ierens
466 1659 571 1730 adeat
589 1658 643 1729 sic
663 1673 726 1730 tua
745 1660 825 1730 farra
843 1660 972 1731 cliens.
1099 1654 1105 1665 ’

153 1798 302 1895 Tuque,
322 1822 385 1893 per
404 1797 538 1871 Aoniis
557 1800 636 1870 loca
652 1799 683 1870 si
701 1799 882 1888 celebrata
902 1797 1080 1874 Camenis
1168 1818 1191 1876 ὁ

202 1940 308 2035 Saepe
328 1941 393 2012 tue
409 1941 536 2025 erravi,
558 1939 708 2036 Pegase‚
728 1955 858 2014 vectus
875 1967 957 2036 ope,

152 2075 323 2157 Decurso
341 2104 454 2176 prope
468 2083 545 2174 jam
563 2081 695 2190 stadio,
714 2095 926 2197 metamque
943 2082 1013 2158 sub
1031 2084 1163 2181 ipsam.

198 2226 259 2299 Ne
278 2226 372 2313 lassa
388 2224 518 2297 infami·
534 2224 695 2298 membra
711 2227 852 2322 pudore
871 2229 1006 2301 trahas,

148 2365 285 2444 Gentis
301 2391 423 2439 amore
441 2365 548 2437 Maro
567 2363 718 2437 Latium
737 2366 860 2438 canit:
888 2391 911 2439 o
930 2366 1022 2438 mihi
1042 2367 1124 2441 talis

196 2506 356 2601 Spiritus
374 2507 535 2593 accedat,
558 2507 647 2603 (non
667 2508 784 2581 minor
801 2523 906 2605 urget
924 2509 1037 2604 amor)
1142 2522 1187 2585 10

149 2647 203 2721 Ut
219 2646 361 2743 patriae,
383 2648 521 2742 (neque
538 2648 638 2718 enirn
655 2648 818 2744 ingratus
837 2649 970 2722 natalia
987 2675 1072 2723 rura

200 2785 393 2882 Praeposui
412 2786 564 2882 campis,
583 2799 697 2860 mater
714 2788 847 2877 Etona‚
867 2790 958 2885 tuis)

148 2928 201 3005 Ut
219 2931 347 3026 patriae
364 2929 531 3024 carisque
548 2930 749 3016 sodalibus
770 2946 812 3004 ut
830 2930 896 3002 tibi
914 2932 1035 3005 dicam

197 3071 356 3171 Anglice
372 3097 586 3168 supremum
607 3072 863 3163 Quinctiliane
881 3074 985 3147 vale!

147 3213 185 3288 Si
204 3216 296 3309 quid
314 3214 350 3284 id
368 3230 436 3300 est,
454 3230 594 3288 veteres
612 3215 712 3311 quud
733 3216 845 3288 Musa
863 3216 1016 3303 inritata,
1038 3212 1185 3289 Latinis

194 3353 344 3428 Luserit
362 3368 426 3426 aut
445 3353 579 3443 GraiiS,
599 3378 671 3427 non
689 3354 816 3441 aliena,
836 3354 967 3441 modic,
1139 3361 1183 3431 16

146 3495 269 3569 Omne
288 3511 396 3569 tuum
414 3513 469 3569 est
486 3528 495 3581 ;
522 3497 612 3568 mihi
631 3496 818 3570 Pieridum
837 3498 882 3569 de
897 3499 998 3570 sonte
1012 3521 1182 3573 sororum

196 3635 294 3710 Pura
312 3639 524 3711 ministeriis
543 3640 699 3738 contigit
718 3639 816 3710 unda
835 3639 922 3711 tuis.

144 3774 275 3871 Teque
294 3799 419 3868 precor
439 3777 585 3872 (levitas
602 3779 690 3851 olim
711 3803 843 3851 vesana
860 3779 984 3851 fidelis·

194 3917 355 4015 Respuit
371 3919 531 3993 obiataru
549 3922 579 3993 si
599 3921 789 3996 monitoris
807 3946 928 4020 opem,
1131 3932 1184 3995 90
