2670 4836
142 474 217 547 280
449 498 583 555 musa
615 500 906 558 arounnsss.

354 787 441 833 ῚΟἝΑ
463 790 556 834 ὓΕΰΙί
577 793 682 836 rotato
703 792 871 841 subventu
891 793 967 836 200·

146 928 245 985 Storer.
1027 952 1054 988 Δ.
1068 952 1094 989 ι.
1108 939 1178 991 ttot.

573 1092 806 1112 δ-ι--ι--ι-

571 1119 808 1144 η

147 1251 169 1324 J
176 1274 237 1324 aar
258 1251 365 1323 lucos
382 1265 420 1322 et
437 1275 514 1324 rore
532 1218 694 1326 recentia
711 1266 813 1348 prata
831 1276 1009 1347 vaporans

149 1393 212 1468 sot
231 1391 342 1485 jubar
358 1416 498 1465 oceano
515 1395 713 1484 extulerat,
734 1396 977 1491 tremulisque
995 1415 1179 1468 coruscam

148 1536 304 1610 Scenam
323 1519 551 1607 interlucens'
567 1536 677 1609 radiis
696 1536 909 1631 penetrabat
928 1534 1065 1607 Adami

150 1677 294 1751 Felices
312 1677 487 1749 latebras:
517 1678 764 1773 zephyrorum
783 1677 909 1748 mollia
927 1675 1053 1760 flabra,

39 1808 42 1814 ¹
150 1820 325 1894 Murmur
351 1843 461 1914 aquae
490 1818 631 1915 procul,
650 1836 687 1891 et
715 1820 911 1892 volucrum
938 1815 1182 1891 modulamina

296 1982 448 2033 somnos
1164 1968 1181 2031 5

150 2102 301 2178 Leniter
318 2125 529 2175 excussere.
586 2100 694 2173 Pater
713 2101 913 2195 primaevus
930 2115 968 2172 et
988 2097 1067 2172 Eva

150 2245 305 2322 AEtbere
323 2266 508 2338 purpureo
526 2257 737 2340 surgentem
760 2241 977 2338 Hyperiona
995 2252 1164 2328 cernunt,

148 2387 196 2462 Et
215 2387 400 2459 matutino
417 2385 573 2458 solvunt
591 2386 650 2479 pia
668 2398 813 2477 pectora
832 2396 958 2454 cantu.

197 2537 221 2568 “
242 2527 360 2600 Hunc
386 2526 515 2612 solem,
543 2538 580 2595 et
597 2522 728 2607 coelos,
756 2522 926 2608 Genitor,
947 2537 1013 2597 tua
1037 2524 1184 2598 dexteru

296 2665 411 2738 finxit

149 2820 172 2855 “
189 2808 462 2903 Omnipotens;
490 2808 582 2879 vasti
600 2808 762 2881 miranda
777 2808 859 2883 haec
876 2811 1047 2884 machina
1062 2807 1181 2884 mundi

148 2961 171 2995 “
191 2949 287 3024 Tota
307 2961 371 3021 tua
388 2959 466 3020 est:
494 2948 616 3021 multo
635 2948 714 3044 ipse
732 2953 847 3048 magis
867 2953 1058 3025 mirandus
1077 2949 1183 3048 opaci

148 3103 173 3136 “
192 3091 308 3165 Nube
325 3089 469 3173 sedens,
490 3102 615 3162 nostro
635 3114 706 3163 non
727 3091 937 3163 enarrabilis
957 3092 1113 3189 hymno,

148 3245 174 3281 “
194 3231 374 3305 Mortales
394 3231 497 3302 visus
515 3247 552 3302 et
572 3232 694 3304 inania
713 3233 853 3305 lumina
872 3233 981 3308 fallis.

199 3379 222 3416 “
242 3370 297 3445 At
316 3372 403 3445 licet
420 3371 576 3445 aetberib
593 3371 739 3444 nebulis
759 3376 985 3468 praecinctus
1004 3379 1041 3450 in
1062 3379 1156 3460 aula,

149 3520 173 3554 “
193 3509 346 3583 Numen
367 3513 614 3596 inaccessum,
632 3512 755 3598 lateas,
775 3528 914 3588 aeterna
932 3517 1089 3615 refulget
1148 3527 1183 3589 to'

150 3659 173 3691 “
193 3647 333 3735 Gloria,
351 3650 600 3748 divinumque
615 3653 754 3737 decus;
783 3658 976 3729 manifesta
995 3675 1157 3752 potestas

150 3806 173 3837 “
195 3793 385 3877 Panditur,
404 3811 441 3869 et
459 3800 625 3873 minimis
644 3801 777 3897 legitur
793 3804 976 3897 sapientia
994 3806 1114 3879 iactis.

198 3945 221 3976 ‘⁴
244 3931 321 4007 Vos
341 3934 470 4029 Genii,
488 3956 639 4018 aeteraae
659 3943 755 4016 lucis
773 3945 931 4018 formosa
951 3971 1125 4045 propago,
