2670 4836
424 541 558 607 uusu
591 538 885 596 suouuusus.
1109 526 1182 599 995

161 822 196 864 ΙΝ
215 823 341 865 oulwu
358 823 549 866 REVERENM
567 823 733 865 ADMODUM
747 824 818 866 VIR!
833 824 1002 866 JOHANNIS
1018 826 1162 869 BUR'I'ON·

141 953 231 1009 Giris.
1025 976 1051 1010 s.
1066 973 1092 1011 u.
1108 963 1185 1011 1120.

142 1289 192 1375 O,
215 1317 324 1366 sovs
345 1317 433 1389 quae
451 1318 605 1390 carpens
624 1297 786 1370 melioris
804 1295 939 1393 gaudia
957 1297 1068 1380 sedis,

196 1433 344 1525 Umbra,
364 1451 487 1509 tamen
505 1453 650 1511 nostros
667 1441 829 1534 respiees
847 1439 943 1512 aliua
963 1440 1075 1524 iares;

144 1580 257 1652 Anne
273 1580 498 1676 sepulcrales
517 1584 583 1656 tibi
604 1601 748 1658 nectere
766 1588 895 1660 fronde
911 1609 1077 1671 coronas,

193 1721 415 1821 Tenuiaque
433 1727 471 1798 in
489 1728 631 1801 cineres
648 1754 801 1804 munera
818 1731 909 1804 serre
926 1729 1040 1803 licet?

144 1866 182 1940 0
202 1869 291 1939 ruiiri
308 1869 339 1940 si
360 1869 468 1942 liceat
488 1871 554 1943 tibi
575 1872 662 1944 talia
679 1873 841 1957 reddere,
857 1873 956 1946 nirsti
1167 1886 1189 1944 5

197 2012 337 2102 Qualia
355 2011 515 2086 Sechero
535 2028 575 2086 tu
595 2015 681 2087 dare
699 2016 768 2088 rite
788 2022 878 2089 tuo!

144 2151 200 2224 Te
216 2176 459 2248 quaecunque
475 2169 611 2226 vocant
629 2155 846 2250 scriptorem
864 2154 1001 2241 munia,
1016 2153 1165 2227 mollem

198 2293 404 2389 Componit
421 2295 605 2367 calamum
623 2293 942 2389 subsequiturque
956 2294 1079 2366 decor.

147 2435 235 2507 Sive
251 2436 364 2508 animi
385 2436 481 2508 vires
501 2436 701 2509 intendunt
718 2437 822 2521 seria,
840 2436 995 2509 solvunt

198 2576 272 2650 Seu
292 2577 418 2650 faciles
435 2578 528 2651 ruris
547 2577 823 2674 Bathoniaeque
835 2577 957 2668 jocos.
1150 2588 1193 2651 10

149 2719 251 2811 Quoe
271 2720 468 2810 calamum,
489 2746 599 2816 puros
616 2734 721 2795 ornat
739 2745 897 2818 quoque
913 2721 1028 2819 gratia
1047 2744 1176 2810 mores,

201 2861 392 2957 Castaque
409 2862 645 2954 simplicitas,
666 2863 931 2957 ingenuusque
946 2864 1068 2938 decor.

151 3005 240 3077 Non
261 3022 296 3076 te
315 3005 566 3100 nequicquam
585 3027 654 3075 sua
674 3026 736 3097 per
757 3004 955 3097 penetralia
973 3004 1087 3076 duxit

203 3147 289 3241 lpsa
307 3145 532 3219 cothurnato
551 3169 658 3217 musa
675 3169 801 3218 severa
818 3147 935 3240 pede:

152 3290 258 3383 Quin
277 3291 420 3364 aditum
438 3305 476 3361 et
495 3290 602 3362 uobis
619 3289 751 3382 aperis,
772 3301 885 3385 teque
902 3291 1054 3385 auspice
1070 3315 1194 3365 scenae

204 3431 400 3525 Cecropiae
419 3431 589 3504 attonitis
608 3430 778 3503 interiora
797 3444 936 3526 patent.
1153 3436 1195 3507 16

156 3578 211 3651 At
230 3600 304 3649 uon
327 3574 458 3647 Pieriis
477 3573 583 3647 lusus
604 3574 640 3646 in
659 3572 818 3645 vallibus
836 3574 907 3645 uris

205 3716 424 3790 Abduxisse
443 3716 499 3789 tui
518 3729 558 3808 te,
574 3728 728 3810 potuere
745 3712 832 3788 Dei.

154 3860 241 3934 Sive
258 3859 459 3932 sucerdotis
477 3859 618 3955 peragis
635 3882 702 3929 seu
721 3856 849 3929 munia
867 3870 1007 3942 cantas,

204 4004 259 4077 Te
280 4001 406 4075 Pietas
423 3984 570 4097 pariter,
592 4016 705 4097 teque
721 3999 886 4076 Camena
904 3999 999 4075 beat.
1151 4009 1199 4073 90
