<?xml version="1.0" encoding="UTF-8"?>
<!DOCTYPE html PUBLIC "-//W3C//DTD XHTML 1.0 Transitional//EN"
    "http://www.w3.org/TR/xhtml1/DTD/xhtml1-transitional.dtd">
<html xmlns="http://www.w3.org/1999/xhtml" xml:lang="en" lang="en">
 <head>
  <title>
</title>
<meta http-equiv="Content-Type" content="text/html;charset=utf-8" />
  <meta name='ocr-system' content='tesseract 3.04.00' />
  <meta name='ocr-capabilities' content='ocr_page ocr_carea ocr_par ocr_line ocrx_word'/>
</head>
<body>
  <div class='ocr_page' id='page_1' title='image "./musetonensesseu00unkngoog_0368.png"; bbox 0 0 2670 4836; ppageno 0'>
   <div class='ocr_carea' id='block_1_1' title="bbox 248 531 1109 609">
    <p class='ocr_par' dir='ltr' id='par_1_1' title="bbox 248 531 1109 609">
     <span class='ocr_line' id='line_1_1' title="bbox 248 531 1109 609; baseline 0.008 -20"><span class='ocrx_word' id='word_1_1' title='bbox 248 534 254 543; x_wconf 92' lang='lat'><strong>·</strong></span> <span class='ocrx_word' id='word_1_2' title='bbox 371 534 819 591; x_wconf 77' lang='lat' dir='ltr'>uusnnrounnsns.</span> <span class='ocrx_word' id='word_1_3' title='bbox 949 600 953 609; x_wconf 62' lang='grc'><strong><em>,</em></strong></span> <span class='ocrx_word' id='word_1_4' title='bbox 1038 531 1109 597; x_wconf 76' lang='lat'>353</span> 
     </span>
    </p>
   </div>
   <div class='ocr_carea' id='block_1_2' title="bbox 442 815 738 910">
    <p class='ocr_par' dir='ltr' id='par_1_2' title="bbox 442 815 738 918">
     <span class='ocr_line' id='line_1_2' title="bbox 442 815 738 910; baseline 0.014 -26"><span class='ocrx_word' id='word_1_5' title='bbox 442 815 464 858; x_wconf 62' lang='lat'>⁴*</span> <span class='ocrx_word' id='word_1_6' title='bbox 489 815 624 909; x_wconf 56' lang='lat' dir='ltr'>’Alpina</span> <span class='ocrx_word' id='word_1_7' title='bbox 638 817 738 910; x_wconf 71' lang='grc' dir='ltr'>λόγοι.</span> 
     </span>
    </p>
   </div>
   <div class='ocr_carea' id='block_1_3' title="bbox 70 984 1110 1054">
    <p class='ocr_par' dir='ltr' id='par_1_3' title="bbox 70 984 1110 1054">
     <span class='ocr_line' id='line_1_3' title="bbox 70 984 1110 1054; baseline 0.005 -18"><span class='ocrx_word' id='word_1_8' title='bbox 70 984 179 1054; x_wconf 70' lang='lat' dir='ltr'>Sandys.</span> <span class='ocrx_word' id='word_1_9' title='bbox 948 1008 973 1040; x_wconf 63' lang='lat' dir='ltr'>rr</span> <span class='ocrx_word' id='word_1_10' title='bbox 989 1005 1013 1042; x_wconf 80' lang='lat' dir='ltr'>o.</span> <span class='ocrx_word' id='word_1_11' title='bbox 1036 994 1110 1045; x_wconf 68' lang='lat'><strong>17⁵⁵.</strong></span> 
     </span>
    </p>
   </div>
   <div class='ocr_carea' id='block_1_4' title="bbox 428 1123 729 1135">
    <p class='ocr_par' dir='ltr' id='par_1_4' title="bbox 428 1123 729 1135">
     <span class='ocr_line' id='line_1_4' title="bbox 428 1123 729 1135; baseline 0.01 -4"><span class='ocrx_word' id='word_1_12' title='bbox 428 1123 729 1135; x_wconf 64' lang='lat'>.—--—--·----.-....·</span> 
     </span>
    </p>
   </div>
   <div class='ocr_carea' id='block_1_5' title="bbox 76 1257 1109 1400">
    <p class='ocr_par' dir='ltr' id='par_1_5' title="bbox 76 1257 1109 1400">
     <span class='ocr_line' id='line_1_5' title="bbox 76 1257 1109 1400; baseline 0.004 -71"><span class='ocrx_word' id='word_1_13' title='bbox 76 1257 161 1330; x_wconf 85' lang='lat' dir='ltr'>Heu</span> <span class='ocrx_word' id='word_1_14' title='bbox 180 1260 461 1400; x_wconf 49' lang='lat' dir='ltr'>invisa‘omus!</span> <span class='ocrx_word' id='word_1_15' title='bbox 492 1282 623 1359; x_wconf 86' lang='lat' dir='ltr'>tuque,</span> <span class='ocrx_word' id='word_1_16' title='bbox 636 1288 659 1334; x_wconf 95' lang='lat' dir='ltr'>o</span> <span class='ocrx_word' id='word_1_17' title='bbox 673 1262 742 1351; x_wconf 89' lang='lat' dir='ltr'>sol,</span> <span class='ocrx_word' id='word_1_18' title='bbox 758 1262 899 1336; x_wconf 90' lang='lat' dir='ltr'>lumine</span> <span class='ocrx_word' id='word_1_19' title='bbox 917 1285 1109 1358; x_wconf 85' lang='lat' dir='ltr'>nunquam</span> 
     </span>
    </p>
   </div>
   <div class='ocr_carea' id='block_1_6' title="bbox 66 1400 1112 4047">
    <p class='ocr_par' dir='ltr' id='par_1_6' title="bbox 122 1400 953 1500">
     <span class='ocr_line' id='line_1_6' title="bbox 122 1400 953 1500; baseline 0.01 -29"><span class='ocrx_word' id='word_1_20' title='bbox 122 1400 284 1491; x_wconf 85' lang='lat' dir='ltr'>Festivo‚</span> <span class='ocrx_word' id='word_1_21' title='bbox 305 1418 346 1476; x_wconf 92' lang='lat' dir='ltr'>ut</span> <span class='ocrx_word' id='word_1_22' title='bbox 365 1406 567 1498; x_wconf 89' lang='lat' dir='ltr'>qnondam,</span> <span class='ocrx_word' id='word_1_23' title='bbox 584 1405 821 1500; x_wconf 79' lang='lat' dir='ltr'>suspiciende</span> <span class='ocrx_word' id='word_1_24' title='bbox 840 1405 953 1479; x_wconf 85' lang='lat' dir='ltr'>mihi!</span> 
     </span>
    </p>

    <p class='ocr_par' dir='ltr' id='par_1_7' title="bbox 72 1539 1112 1932">
     <span class='ocr_line' id='line_1_7' title="bbox 73 1539 1040 1641; baseline 0.008 -31"><span class='ocrx_word' id='word_1_25' title='bbox 73 1539 161 1612; x_wconf 85' lang='lat' dir='ltr'>Heu</span> <span class='ocrx_word' id='word_1_26' title='bbox 182 1544 270 1614; x_wconf 88' lang='lat' dir='ltr'>tecti</span> <span class='ocrx_word' id='word_1_27' title='bbox 290 1551 484 1637; x_wconf 87' lang='lat' dir='ltr'>aspectus!</span> <span class='ocrx_word' id='word_1_28' title='bbox 513 1561 696 1641; x_wconf 90' lang='lat' dir='ltr'>quantum</span> <span class='ocrx_word' id='word_1_29' title='bbox 715 1559 882 1619; x_wconf 89' lang='lat' dir='ltr'>mutatus</span> <span class='ocrx_word' id='word_1_30' title='bbox 899 1547 946 1616; x_wconf 91' lang='lat' dir='ltr'>ab</span> <span class='ocrx_word' id='word_1_31' title='bbox 963 1546 1040 1629; x_wconf 91' lang='lat' dir='ltr'>illo,</span> 
     </span>
     <span class='ocr_line' id='line_1_8' title="bbox 122 1652 1051 1785; baseline 0.005 -32"><span class='ocrx_word' id='word_1_32' title='bbox 122 1680 221 1753; x_wconf 73' lang='lat' dir='ltr'>Ciam</span> <span class='ocrx_word' id='word_1_33' title='bbox 242 1707 414 1778; x_wconf 80' lang='lat' dir='ltr'><strong>pompam</strong></span> <span class='ocrx_word' id='word_1_34' title='bbox 430 1686 595 1759; x_wconf 82' lang='lat' dir='ltr'>instituit</span> <span class='ocrx_word' id='word_1_35' title='bbox 609 1687 844 1760; x_wconf 84' lang='lat' dir='ltr'>connubialis</span> <span class='ocrx_word' id='word_1_36' title='bbox 865 1652 1051 1785; x_wconf 77' lang='lat' dir='ltr'>Hymen!¹</span> 
     </span>
     <span class='ocr_line' id='line_1_9' title="bbox 72 1821 1112 1932; baseline 0.008 -39"><span class='ocrx_word' id='word_1_37' title='bbox 72 1821 176 1895; x_wconf 77' lang='lat' dir='ltr'>Pone</span> <span class='ocrx_word' id='word_1_38' title='bbox 194 1825 418 1932; x_wconf 82' lang='lat' dir='ltr'>sequebatur</span> <span class='ocrx_word' id='word_1_39' title='bbox 435 1828 593 1920; x_wconf 73' lang='lat' dir='ltr'>conjux,</span> <span class='ocrx_word' id='word_1_40' title='bbox 610 1829 854 1923; x_wconf 86' lang='lat' dir='ltr'>dextramque</span> <span class='ocrx_word' id='word_1_41' title='bbox 873 1829 1044 1923; x_wconf 86' lang='lat' dir='ltr'>pudicam</span> <span class='ocrx_word' id='word_1_42' title='bbox 1089 1841 1112 1901; x_wconf 76' lang='grc' dir='ltr'><strong><em>ὁ</em></strong></span> 
     </span>
    </p>

    <p class='ocr_par' dir='ltr' id='par_1_8' title="bbox 66 1966 1112 4047">
     <span class='ocr_line' id='line_1_10' title="bbox 120 1966 829 2066; baseline 0.011 -27"><span class='ocrx_word' id='word_1_43' title='bbox 120 1966 318 2042; x_wconf 85' lang='lat' dir='ltr'>Gaudebat</span> <span class='ocrx_word' id='word_1_44' title='bbox 335 1972 460 2062; x_wconf 70' lang='lat' dir='ltr'>digitis</span> <span class='ocrx_word' id='word_1_45' title='bbox 478 1972 708 2066; x_wconf 81' lang='lat' dir='ltr'>implicuisse</span> <span class='ocrx_word' id='word_1_46' title='bbox 725 1976 829 2047; x_wconf 88' lang='lat' dir='ltr'>meis.</span> 
     </span>
     <span class='ocr_line' id='line_1_11' title="bbox 72 2109 1026 2209; baseline 0.007 -27"><span class='ocrx_word' id='word_1_47' title='bbox 72 2109 148 2182; x_wconf 91' lang='lat' dir='ltr'>Hic</span> <span class='ocrx_word' id='word_1_48' title='bbox 168 2111 292 2185; x_wconf 71' lang='lat' dir='ltr'>mihil</span> <span class='ocrx_word' id='word_1_49' title='bbox 314 2128 453 2208; x_wconf 87' lang='lat' dir='ltr'>quanta</span> <span class='ocrx_word' id='word_1_50' title='bbox 471 2115 566 2188; x_wconf 88' lang='lat' dir='ltr'>fuit!</span> <span class='ocrx_word' id='word_1_51' title='bbox 596 2115 717 2209; x_wconf 89' lang='lat' dir='ltr'>qualis</span> <span class='ocrx_word' id='word_1_52' title='bbox 736 2140 799 2209; x_wconf 87' lang='lat' dir='ltr'>per</span> <span class='ocrx_word' id='word_1_53' title='bbox 816 2116 924 2188; x_wconf 87' lang='lat' dir='ltr'>florea</span> <span class='ocrx_word' id='word_1_54' title='bbox 943 2140 1026 2189; x_wconf 85' lang='lat' dir='ltr'>rura</span> 
     </span>
     <span class='ocr_line' id='line_1_12' title="bbox 121 2250 847 2350; baseline 0.007 -28"><span class='ocrx_word' id='word_1_55' title='bbox 121 2250 281 2324; x_wconf 82' lang='lat' dir='ltr'>Exercet</span> <span class='ocrx_word' id='word_1_56' title='bbox 300 2253 407 2325; x_wconf 84' lang='lat' dir='ltr'>laetos</span> <span class='ocrx_word' id='word_1_57' title='bbox 427 2253 567 2350; x_wconf 86' lang='lat' dir='ltr'>Cypria</span> <span class='ocrx_word' id='word_1_58' title='bbox 586 2253 685 2326; x_wconf 89' lang='lat' dir='ltr'>Diva</span> <span class='ocrx_word' id='word_1_59' title='bbox 702 2253 847 2327; x_wconf 86' lang='lat' dir='ltr'>choros.</span> 
     </span>
     <span class='ocr_line' id='line_1_13' title="bbox 69 2392 839 2478; baseline 0.001 -14"><span class='ocrx_word' id='word_1_60' title='bbox 69 2392 131 2464; x_wconf 87' lang='lat' dir='ltr'>Sic</span> <span class='ocrx_word' id='word_1_61' title='bbox 151 2393 230 2478; x_wconf 86' lang='lat' dir='ltr'>ivit,</span> <span class='ocrx_word' id='word_1_62' title='bbox 248 2395 302 2466; x_wconf 93' lang='lat' dir='ltr'>sic</span> <span class='ocrx_word' id='word_1_63' title='bbox 320 2394 423 2467; x_wconf 88' lang='lat' dir='ltr'>culta</span> <span class='ocrx_word' id='word_1_64' title='bbox 440 2396 530 2478; x_wconf 74' lang='lat' dir='ltr'>suit:</span> <span class='ocrx_word' id='word_1_65' title='bbox 557 2397 612 2467; x_wconf 85' lang='lat' dir='ltr'>sic</span> <span class='ocrx_word' id='word_1_66' title='bbox 629 2419 689 2467; x_wconf 91' lang='lat' dir='ltr'>ora</span> <span class='ocrx_word' id='word_1_67' title='bbox 709 2394 839 2467; x_wconf 86' lang='lat' dir='ltr'>rubore</span> 
     </span>
     <span class='ocr_line' id='line_1_14' title="bbox 119 2534 1112 2637; baseline 0.001 -27"><span class='ocrx_word' id='word_1_68' title='bbox 119 2534 349 2610; x_wconf 80' lang='lat' dir='ltr'>Suffuntlens</span> <span class='ocrx_word' id='word_1_69' title='bbox 365 2538 479 2611; x_wconf 89' lang='lat' dir='ltr'>nituit</span> <span class='ocrx_word' id='word_1_70' title='bbox 496 2539 715 2637; x_wconf 84' lang='lat' dir='ltr'>virginitatis</span> <span class='ocrx_word' id='word_1_71' title='bbox 735 2540 864 2613; x_wconf 86' lang='lat' dir='ltr'>bonos.</span> <span class='ocrx_word' id='word_1_72' title='bbox 1070 2546 1112 2612; x_wconf 88' lang='lat'>10</span> 
     </span>
     <span class='ocr_line' id='line_1_15' title="bbox 70 2680 997 2778; baseline 0 -25"><span class='ocrx_word' id='word_1_73' title='bbox 70 2680 185 2754; x_wconf 91' lang='lat' dir='ltr'>Nunc</span> <span class='ocrx_word' id='word_1_74' title='bbox 205 2682 354 2755; x_wconf 87' lang='lat' dir='ltr'>inimica</span> <span class='ocrx_word' id='word_1_75' title='bbox 371 2684 462 2773; x_wconf 88' lang='lat' dir='ltr'>dies,</span> <span class='ocrx_word' id='word_1_76' title='bbox 482 2683 708 2776; x_wconf 89' lang='lat' dir='ltr'>inimicaque</span> <span class='ocrx_word' id='word_1_77' title='bbox 727 2683 847 2756; x_wconf 85' lang='lat' dir='ltr'>noctis</span> <span class='ocrx_word' id='word_1_78' title='bbox 867 2682 997 2778; x_wconf 87' lang='lat' dir='ltr'>imago,·</span> 
     </span>
     <span class='ocr_line' id='line_1_16' title="bbox 120 2819 933 2917; baseline -0.004 -22"><span class='ocrx_word' id='word_1_79' title='bbox 120 2822 167 2895; x_wconf 85' lang='lat' dir='ltr'>Et</span> <span class='ocrx_word' id='word_1_80' title='bbox 185 2825 277 2895; x_wconf 89' lang='lat' dir='ltr'>redit</span> <span class='ocrx_word' id='word_1_81' title='bbox 298 2823 333 2894; x_wconf 96' lang='lat' dir='ltr'>in</span> <span class='ocrx_word' id='word_1_82' title='bbox 355 2824 481 2896; x_wconf 88' lang='lat' dir='ltr'>luctus</span> <span class='ocrx_word' id='word_1_83' title='bbox 499 2821 680 2917; x_wconf 82' lang='lat' dir='ltr'>quaelibet</span> <span class='ocrx_word' id='word_1_84' title='bbox 700 2819 786 2893; x_wconf 88' lang='lat' dir='ltr'>bora</span> <span class='ocrx_word' id='word_1_85' title='bbox 805 2844 933 2893; x_wconf 86' lang='lat' dir='ltr'>novos.</span> 
     </span>
     <span class='ocr_line' id='line_1_17' title="bbox 68 2964 1055 3056; baseline -0.005 -19"><span class='ocrx_word' id='word_1_86' title='bbox 68 2965 287 3056; x_wconf 86' lang='lat' dir='ltr'>Quinetiam</span> <span class='ocrx_word' id='word_1_87' title='bbox 307 2967 459 3037; x_wconf 83' lang='lat' dir='ltr'>infensis</span> <span class='ocrx_word' id='word_1_88' title='bbox 479 2964 638 3036; x_wconf 85' lang='lat' dir='ltr'>volitans</span> <span class='ocrx_word' id='word_1_89' title='bbox 656 2964 797 3035; x_wconf 90' lang='lat' dir='ltr'>circum</span> <span class='ocrx_word' id='word_1_90' title='bbox 817 2965 906 3035; x_wconf 85' lang='lat' dir='ltr'>atria</span> <span class='ocrx_word' id='word_1_91' title='bbox 927 2964 1055 3056; x_wconf 85' lang='lat' dir='ltr'>pennis</span> 
     </span>
     <span class='ocr_line' id='line_1_18' title="bbox 118 3103 954 3200; baseline -0.001 -21"><span class='ocrx_word' id='word_1_92' title='bbox 118 3105 322 3179; x_wconf 87' lang='lat' dir='ltr'>Funeream</span> <span class='ocrx_word' id='word_1_93' title='bbox 342 3105 510 3177; x_wconf 86' lang='lat' dir='ltr'>accendit</span> <span class='ocrx_word' id='word_1_94' title='bbox 532 3103 631 3176; x_wconf 86' lang='lat' dir='ltr'>Diva</span> <span class='ocrx_word' id='word_1_95' title='bbox 651 3104 807 3200; x_wconf 89' lang='lat' dir='ltr'>maligna</span> <span class='ocrx_word' id='word_1_96' title='bbox 826 3105 954 3178; x_wconf 82' lang='lat' dir='ltr'>lacem.</span> 
     </span>
     <span class='ocr_line' id='line_1_19' title="bbox 68 3243 1108 3340; baseline 0.001 -23"><span class='ocrx_word' id='word_1_97' title='bbox 68 3244 155 3337; x_wconf 72' lang='lat' dir='ltr'>Qua</span> <span class='ocrx_word' id='word_1_98' title='bbox 171 3246 246 3320; x_wconf 82' lang='lat' dir='ltr'>laeti</span> <span class='ocrx_word' id='word_1_99' title='bbox 261 3246 423 3340; x_wconf 86' lang='lat' dir='ltr'>juvenes</span> <span class='ocrx_word' id='word_1_100' title='bbox 440 3243 542 3338; x_wconf 78' lang='lat' dir='ltr'>prius</span> <span class='ocrx_word' id='word_1_101' title='bbox 560 3244 746 3318; x_wconf 84' lang='lat' dir='ltr'>indulsere</span> <span class='ocrx_word' id='word_1_102' title='bbox 763 3244 918 3328; x_wconf 83' lang='lat' dir='ltr'>choreis,</span> <span class='ocrx_word' id='word_1_103' title='bbox 1067 3256 1108 3318; x_wconf 75' lang='lat' dir='ltr'>lo</span> 
     </span>
     <span class='ocr_line' id='line_1_20' title="bbox 118 3389 898 3472; baseline -0.001 -9"><span class='ocrx_word' id='word_1_104' title='bbox 118 3390 166 3463; x_wconf 85' lang='lat' dir='ltr'>Et</span> <span class='ocrx_word' id='word_1_105' title='bbox 185 3392 325 3464; x_wconf 85' lang='lat' dir='ltr'>varium</span> <span class='ocrx_word' id='word_1_106' title='bbox 344 3389 478 3462; x_wconf 82' lang='lat' dir='ltr'>effudit</span> <span class='ocrx_word' id='word_1_107' title='bbox 499 3390 603 3462; x_wconf 89' lang='lat' dir='ltr'>turba</span> <span class='ocrx_word' id='word_1_108' title='bbox 622 3413 753 3462; x_wconf 90' lang='lat' dir='ltr'>canora</span> <span class='ocrx_word' id='word_1_109' title='bbox 771 3391 898 3472; x_wconf 89' lang='lat' dir='ltr'>melos,</span> 
     </span>
     <span class='ocr_line' id='line_1_21' title="bbox 67 3528 999 3623; baseline -0.004 -20"><span class='ocrx_word' id='word_1_110' title='bbox 67 3531 102 3603; x_wconf 91' lang='lat' dir='ltr'>N</span> <span class='ocrx_word' id='word_1_111' title='bbox 110 3557 182 3604; x_wconf 91' lang='lat' dir='ltr'>unc</span> <span class='ocrx_word' id='word_1_112' title='bbox 201 3533 333 3604; x_wconf 87' lang='lat' dir='ltr'>misero</span> <span class='ocrx_word' id='word_1_113' title='bbox 353 3531 503 3603; x_wconf 87' lang='lat' dir='ltr'>reboant</span> <span class='ocrx_word' id='word_1_114' title='bbox 523 3531 596 3602; x_wconf 71' lang='lat' dir='ltr'>late</span> <span class='ocrx_word' id='word_1_115' title='bbox 617 3528 814 3623; x_wconf 85' lang='lat' dir='ltr'>penetralia</span> <span class='ocrx_word' id='word_1_116' title='bbox 834 3529 999 3623; x_wconf 89' lang='lat' dir='ltr'>planetu,</span> 
     </span>
     <span class='ocr_line' id='line_1_22' title="bbox 117 3668 913 3767; baseline -0.011 -21"><span class='ocrx_word' id='word_1_117' title='bbox 117 3673 165 3746; x_wconf 85' lang='lat' dir='ltr'>Et</span> <span class='ocrx_word' id='word_1_118' title='bbox 183 3673 315 3767; x_wconf 88' lang='lat' dir='ltr'>repetit</span> <span class='ocrx_word' id='word_1_119' title='bbox 333 3671 509 3767; x_wconf 87' lang='lat' dir='ltr'>querulos</span> <span class='ocrx_word' id='word_1_120' title='bbox 529 3668 616 3740; x_wconf 91' lang='lat' dir='ltr'>tibia</span> <span class='ocrx_word' id='word_1_121' title='bbox 632 3681 765 3739; x_wconf 84' lang='lat' dir='ltr'>moesta</span> <span class='ocrx_word' id='word_1_122' title='bbox 782 3691 913 3751; x_wconf 87' lang='lat' dir='ltr'>sonos;</span> 
     </span>
     <span class='ocr_line' id='line_1_23' title="bbox 66 3807 933 3908; baseline -0.008 -21"><span class='ocrx_word' id='word_1_123' title='bbox 66 3812 231 3908; x_wconf 73' lang='lat' dir='ltr'>Quaque</span> <span class='ocrx_word' id='word_1_124' title='bbox 251 3810 433 3884; x_wconf 83' lang='lat' dir='ltr'>maritales</span> <span class='ocrx_word' id='word_1_125' title='bbox 453 3833 570 3903; x_wconf 87' lang='lat' dir='ltr'>nuper</span> <span class='ocrx_word' id='word_1_126' title='bbox 587 3808 722 3880; x_wconf 85' lang='lat' dir='ltr'>fulsere</span> <span class='ocrx_word' id='word_1_127' title='bbox 741 3807 933 3902; x_wconf 80' lang='lat' dir='ltr'>triumphi,</span> 
     </span>
     <span class='ocr_line' id='line_1_24' title="bbox 116 3949 1108 4047; baseline -0.004 -21"><span class='ocrx_word' id='word_1_128' title='bbox 116 3953 351 4026; x_wconf 88' lang='lat' dir='ltr'>Contristaut</span> <span class='ocrx_word' id='word_1_129' title='bbox 367 3953 498 4023; x_wconf 89' lang='lat' dir='ltr'>densas</span> <span class='ocrx_word' id='word_1_130' title='bbox 516 3950 645 4021; x_wconf 85' lang='lat' dir='ltr'>funera</span> <span class='ocrx_word' id='word_1_131' title='bbox 660 3949 766 4047; x_wconf 85' lang='lat' dir='ltr'>longa</span> <span class='ocrx_word' id='word_1_132' title='bbox 785 3950 874 4024; x_wconf 90' lang='lat' dir='ltr'>vias.</span> <span class='ocrx_word' id='word_1_133' title='bbox 1060 3963 1108 4026; x_wconf 80' lang='lat'>90</span> 
     </span>
    </p>
   </div>
   <div class='ocr_carea' id='block_1_7' title="bbox 65 4116 625 4172">
    <p class='ocr_par' dir='ltr' id='par_1_9' title="bbox 65 4116 625 4172">
     <span class='ocr_line' id='line_1_25' title="bbox 65 4116 625 4172; baseline 0.007 -2"><span class='ocrx_word' id='word_1_134' title='bbox 65 4125 159 4172; x_wconf 79' lang='lat' dir='ltr'>voc.</span> <span class='ocrx_word' id='word_1_135' title='bbox 182 4123 211 4171; x_wconf 88' lang='lat' dir='ltr'>r.</span> <span class='ocrx_word' id='word_1_136' title='bbox 552 4117 576 4164; x_wconf 78' lang='grc' dir='ltr'><strong>Α</strong></span> <span class='ocrx_word' id='word_1_137' title='bbox 600 4116 625 4165; x_wconf 82' lang='grc' dir='ltr'><strong>Α</strong></span> 
     </span>
    </p>
   </div>
   <div class='ocr_carea' id='block_1_8' title="bbox 0 0 1340 4836">
    <p class='ocr_par' dir='ltr' id='par_1_10' title="bbox 0 0 1340 4836">
     <span class='ocr_line' id='line_1_26' title="bbox 0 0 1340 4836; baseline 0 2"><span class='ocrx_word' id='word_1_138' title='bbox 0 0 1340 4836; x_wconf 95' lang='lat' dir='ltr'> </span> 
     </span>
    </p>
   </div>
  </div>
 </body>
</html>
