2670 4836
359 616 364 631 ,
425 553 559 613 uusu
591 551 880 611 aron-auses.
1112 536 1186 611 297

194 835 285 883 Qum
302 835 364 878 NEC
381 835 725 890 LoNoAntES‚P1E'rAs
741 838 852 887 NEQUE
867 836 1011 880 ululent·
1028 835 1131 881 UBM·

144 945 312 1002 Mardonuld.
1027 965 1054 1000 it.
1068 963 1094 1002 n.
1109 952 1186 1003 1757.

527 1138 764 1150 .--—--—-...

143 1307 322 1386 Aspice,
337 1329 434 1402 quos
451 1307 575 1381 animo
592 1322 718 1381 motus
737 1305 913 1379 Vindicta
932 1308 1068 1381 furenti

143 1446 340 1538 Subjiciat,
359 1469 485 1542 quove
501 1470 549 1520 ex
568 1462 651 1521 ortu
673 1472 858 1543 progressa
874 1472 1021 1522 serenos

142 1585 357 1661 Conturbet
377 1588 558 1662 malesana
575 1590 741 1664 animos:
768 1590 870 1685 quali
890 1594 1028 1686 impeto
1046 1591 1160 1687 pestis

142 1728 295 1813 Saeviat,
314 1747 351 1801 et
369 1753 481 1826 quem
499 1756 539 1804 se
556 1732 600 1804 ad
618 1732 729 1805 finem
750 1733 962 1827 importuna
978 1749 1148 1808 reservet.

142 1869 297 1945 Scilicet
316 1868 350 1942 iu
368 1885 512 1945 mentes
531 1871 727 1947 hominum
746 1872 968 1970 turbataque
984 1875 1096 1948 corda
1162 1888 1185 1950 ὁ

144 2011 216 2087 Illa
233 2013 447 2085 minutatim
467 2015 627 2109 irrepens
643 2039 684 2087 se
701 2013 869 2106 subjicit,
887 2038 935 2087 ex
954 2037 1032 2109 quo

145 2154 270 2231 Prima
286 2155 378 2228 olim
395 2157 481 2228 data
497 2179 611 2228 causa
628 2155 714 2228 mali
732 2183 740 2230 :
771 2158 861 2229 latet
876 2156 926 2229 ira
943 2180 1089 2230 severos

142 2297 276 2394 Usque
292 2298 431 2370 addens
448 2298 633 2381 stimulos,
653 2298 771 2370 donec
786 2299 864 2391 jam
882 2299 999 2373 didita
1023 2312 1186 2377 mentem

144 2439 275 2535 Carpit
293 2439 535 2533 inexpletam,
554 2452 592 2512 et
610 2440 725 2513 tacito
742 2441 813 2515 sub
831 2455 979 2539 pectore
997 2443 1105 2520 vivit.

194 2579 1186 2682 Ecceparens,vitamextremusclunterminusurget,

144 2722 224 2797 Vix
245 2722 378 2795 tollens
396 2738 522 2817 caput,
540 2738 579 2796 et
598 2724 662 2796 leti
676 2724 754 2816 jam
773 2725 901 2798 limine
919 2726 955 2798 in
974 2727 1057 2822 ipso
1141 2738 1179 2802 11

145 2864 251 2940 Dum
268 2864 408 2937 dubius
426 2863 574 2957 pendet,
589 2878 696 2936 natos
710 2881 830 2949 vocat,
849 2880 890 2938 ut
908 2890 1047 2940 memor
1064 2892 1186 2963 usque

143 3006 336 3081 Vindictae
353 3006 526 3077 mandata
543 3005 658 3093 dedit,
677 3023 859 3100 natosque
873 3005 1001 3079 fideles

147 3149 290 3237 Poscit,
308 3164 345 3222 et
363 3163 520 3223 aeternas
537 3148 703 3222 devincit
721 3149 860 3223 soedere
878 3149 914 3220 in
934 3149 1016 3223 iras.

145 3293 207 3367 llli
226 3291 318 3366 adeo
335 3291 429 3364 saevi
450 3292 561 3386 patris
579 3314 703 3385 parere
720 3291 834 3384 parati
1144 3300 1186 3366 16

146 3433 336 3528 Imperiis;
362 3455 539 3527 serosque
558 3444 682 3504 manet
699 3432 866 3503 vindicta
883 3443 1049 3524 nepotes.

192 3574 302 3668 Quid
316 3596 514 3646 memorem
530 3573 724 3667 variosque
740 3571 869 3661 mpdos
883 3595 1068 3670 casusque
1081 3573 1185 3647 dolo·

294 3738 428 3810 resque

148 3858 369 3945 Horribiles,
387 3834 481 3955 ques
499 3870 564 3930 aut
583 3879 714 3952 poenas
730 3854 829 3928 suror
847 3855 916 3926 iste
932 3856 1119 3951 reposcit?

146 4002 227 4091 llle,
245 4003 360 4077 simul
377 4001 483 4076 furiis
500 3998 636 4075 subitis
653 3998 843 4084 exarserit,
860 3996 1003 4072 hostem
