2678 4830
165 509 232 575 132
445 521 578 576 MUSAE
612 520 902 576 ETONENSES.

162 690 275 764 Infert
293 692 443 788 exiguis
460 693 562 765 ferox
578 691 706 764 ocellis

161 835 208 908 Et
231 838 419 932 (quaenam
439 836 547 908 iaciat
565 836 738 909 ferociora
754 836 784 931 ?)

160 976 423 1071 lpsamlucem
444 977 574 1050 adimit
590 1009 598 1061 ;
624 979 688 1051 sed
704 979 765 1050 illa
783 979 913 1051 saltem

159 1119 333 1214 Captivae
352 1121 476 1193 tenuis
495 1120 566 1191 suit
585 1120 771 1213 voluptas.

158 1261 220 1335 nh
240 1270 247 1336 l
278 1265 378 1358 quod
399 1277 434 1334 te
451 1286 560 1358 grave
579 1285 715 1333 numen
737 1263 904 1334 incitavit

157 1404 217 1478 Ad
238 1420 382 1478 tantum
402 1404 554 1477 scelus?
585 1415 637 1498 lat
655 1404 778 1475 scelus
797 1402 968 1497 vocetur)

155 1546 189 1619 Ο
212 1548 360 1620 incauta
379 1544 515 1633 Chloe,
535 1545 626 1639 quid
647 1520 826 1627 incitavit,

36 1678 40 1685 ¹
152 1689 205 1762 Ut
224 1715 307 1761 caro
325 1687 490 1760 macules
507 1710 636 1758 cruore
656 1685 819 1780 palmas?

155 1831 208 1904 At
228 1857 324 1904 mors
343 1831 494 1905 delicias
513 1846 595 1901 tuas
616 1833 783 1923 peremit,

153 1973 257 2048 Mors
275 1974 387 2045 finem
406 1974 539 2046 misero
559 1973 647 2046 tulit
665 1973 795 2046 dolori.

202 2119 237 2192 Ο
255 2120 378 2218 lugete
398 2119 448 2213 pii
469 2118 568 2191 chori
589 2121 798 2203 volucrum,

151 2264 198 2337 Et
217 2288 365 2338 mecum
385 2263 516 2336 misero
534 2264 657 2336 dolete
671 2276 782 2336 cantu
802 2291 810 2337 ε

148 2406 233 2479 Jam
248 2405 325 2496 jam
342 2404 450 2475 mitte
469 2417 564 2486 tuas
583 2402 676 2499 Itys,
696 2403 877 2497 querelas,

151 2542 343 2636 Antiquos
364 2539 570 2612 Philomela
591 2541 697 2613 mitte
716 2542 866 2618 luctus:
908 2536 912 2541 ¹

149 2684 247 2756 Nam
268 2710 333 2756 vos
353 2710 440 2756 cura
457 2697 564 2756 vocat
583 2707 702 2770 nova;
730 2687 793 2772 ite,
814 2689 935 2761 tristes

148 2825 295 2901 Plorate
312 2828 493 2922 exequias
511 2828 702 2925 decusque
722 2831 865 2907 alaudae
883 2839 890 2906 !

198 2971 245 3043 Et
265 2985 319 3058 tu,
339 2970 428 3042 dnm
451 2970 622 3065 lacrymis
640 2972 732 3066 rigas
747 2973 932 3064 jacentem

146 3109 297 3183 Votivis
315 3111 516 3196 volucrem,
534 3125 662 3184 secuta
680 3129 819 3206 raptam

145 3248 236 3342 Quo
255 3251 448 3334 desiderio,
467 3250 601 3335 Chloe,
618 3253 783 3325 revolvas

144 3390 288 3466 Tecum
307 3392 491 3466 saevitiam
512 3405 626 3479 tuam,
645 3394 828 3489 sciasque,

144 3533 258 3625 Quod
279 3536 421 3607 Natura
440 3536 514 3607 lero
531 3535 611 3606 sine
629 3537 715 3608 artis
734 3561 803 3609 usu

143 3673 285 3749 Omnes
303 3677 382 3749 sola
400 3675 502 3749 dabit
519 3688 692 3772 negetque
710 3701 834 3752 voces.
