2678 4830
205 510 227 575 8
504 510 639 571 8158AE
671 510 961 571 ETONENSES.

204 682 357 759 serviat.
413 679 512 758 Haec
528 682 699 758 volucres
716 685 840 760 inluso
857 683 1011 757 numine
1028 705 1162 759 sensus

202 822 412 900 Transferet
428 826 474 899 ad
491 826 610 912 lucos,
631 825 695 900 ubi
715 824 817 899 rivus
834 838 873 897 et
889 848 974 897 nura
992 844 1164 918 soporem

90 1052 94 1064 ⁶
205 964 372 1041 Invitant
385 966 568 1062 z-qualis
585 967 719 1040 formas
736 964 824 1042 curn
848 988 959 1039 scena
976 976 1142 1037 recentes

205 1106 346 1195 Induit,
364 1120 414 1195 et,
432 1105 539 1180 celeri
558 1104 744 1181 variabilis
760 1120 848 1191 arte,
867 1106 1000 1180 theatri

203 1243 443 1321 Transmutat
456 1248 586 1321 faciem
605 1275 614 1321 ε
632 1272 734 1322 nunc
746 1246 838 1322 Orci
853 1247 1014 1322 immane
1030 1245 1244 1321 barathrum

205 1386 427 1461 Dissiluisse
444 1401 567 1483 putes,
585 1386 769 1462 subitisve
787 1390 966 1462 virescere
984 1402 1114 1462 terram

206 1526 398 1624 Frugibus
409 1541 447 1601 et
464 1527 582 1611 silvis,
601 1540 667 1600 aut
683 1528 821 1601 fervere
837 1526 1016 1601 classibus
1035 1552 1178 1625 aequor.

253 1666 290 1740 0
308 1665 439 1769 dulces
459 1664 656 1739 Heliconis
673 1690 795 1762 aqum,
815 1671 1030 1764 montisque
1045 1668 1177 1743 sacrati

204 1803 397 1904 ludigenae
416 1804 554 1878 salvete
571 1804 672 1879 chori
691 1812 700 1880 l
729 1831 796 1881 vos
815 1809 883 1880 rite
901 1822 1056 1883 secutus

204 1945 352 2042 Saepius
370 1945 415 2019 ad
433 1944 627 2021 Thamesis
643 1948 759 2043 ripam
780 1948 862 2046 (qui
877 1949 1019 2044 primus
1035 1947 1175 2023 alumni
1194 1960 1244 2027 30

206 2087 387 2164 Praesenti
406 2088 590 2163 invalidos
606 2089 767 2163 firmavit
784 2089 939 2163 numine
954 2087 1118 2186 gressus)

206 2227 374 2304 Auribus
392 2228 542 2303 arrectis
560 2230 720 2315 sedeam,
740 2245 928 2326 notosque
940 2229 1113 2322 juventae

203 2366 406 2464 Accipicns
423 2369 570 2441 sonitus
588 2368 674 2441 lusu
692 2368 853 2443 delecter
869 2371 991 2444 inani!

254 2507 416 2582 Munere
433 2504 630 2580 Musarum
649 2507 727 2592 tati,
743 2509 811 2582 vix
830 2509 945 2583 tristis
963 2509 1097 2584 Etonae

204 2650 374 2725 Dilectus
391 2650 558 2746 linquam
576 2649 694 2737 sedes,
712 2672 835 2746 neque
852 2661 982 2724 terrear
998 2649 1100 2727 horae
1192 2663 1242 2754 33
1267 2633 1269 2637 ⁸

203 2787 313 2864 Illius
332 2788 505 2873 adventu,
519 2811 608 2883 quae
624 2812 685 2862 me
701 2788 749 2861 de
765 2788 860 2862 valle
877 2801 1067 2885 receptum

206 2928 327 3005 Pieria
343 2929 488 3027 sophiae
505 2928 641 3005 studiis
656 2929 885 3029 gravioribus
902 2929 1025 3010 addet.
1052 3014 1055 3019 ,
