2670 4836
167 516 238 587 936
466 528 599 585 musar
624 526 913 587 aronausus.

321 782 432 797 -----
444 768 505 810 unc
528 769 661 812 ruararr
683 769 853 813 senescau
944 750 947 754 ⁴

322 889 462 932 occasa.
834 853 836 856 Ι

77 1014 82 1021 .
165 975 338 1045 Branchump.
1054 993 1114 1032 uu.
1130 984 1203 1036 1159.

563 1104 798 1118 ⁸*

164 1255 341 1343 Asnrcu,
358 1253 513 1328 declivis
530 1256 619 1328 dum
640 1257 755 1352 vergit
773 1258 817 1328 ad
836 1280 987 1352 aequora
1006 1256 1131 1345 Titan,
1188 1243 1192 1249 ⁸

212 1395 325 1470 Lenis
346 1410 386 1466 ut
403 1376 577 1469 aestivurn
598 1396 702 1469 finiat
723 1397 808 1469 bora
826 1398 951 1471 diem:

144 1507 257 1610 ¹Solis
276 1537 338 1607 nbi
358 1537 470 1608 cessit
487 1536 615 1619 rabies,
633 1536 746 1632 qnam
769 1537 929 1631 vesperis
947 1538 1033 1611 almi

209 1677 388 1751 Solennes
408 1677 580 1764 tenebrae,
598 1676 710 1771 qnam
730 1677 934 1749 veneranda
951 1681 1073 1774 quies.

159 1819 268 1892 Tunc
287 1842 414 1891 omnes
433 1842 586 1913 posuere
604 1844 717 1908 aurae,
738 1821 775 1893 ni
797 1822 889 1894 forte
909 1820 936 1892 F
939 1825 1048 1896 avoni
1176 1840 1199 1900 5

208 1960 401 2056 Languida
418 1961 481 2033 vix
502 1960 670 2056 tepidum
689 1960 843 2032 ventilat
861 1962 917 2035 aia
937 1962 1079 2055 polum.

156 2102 217 2177 Sic
237 2118 341 2175 tenor
358 2115 395 2173 et
415 2102 502 2175 vitae
520 2103 667 2198 requies
687 2101 822 2174 virtute
841 2115 1011 2194 peracta,

205 2244 310 2318 Dum
329 2245 490 2339 placidas
510 2245 625 2317 nectit
644 2245 776 2316 blanda
792 2260 941 2317 senecta
960 2269 1102 2328 moras;

155 2385 229 2461 Cui
251 2412 317 2460 nec
335 2402 438 2461 atrox
457 2386 573 2459 rabies
593 2387 772 2483 furiisque
790 2409 944 2460 accensa
963 2387 1079 2460 libido

203 2527 359 2622 Stringit
377 2527 587 2598 inextinctd
602 2527 726 2598 saucia
744 2527 852 2599 corda
868 2528 968 2611 sace;
1153 2542 1199 2606 10

154 2665 272 2739 Nulla
289 2665 492 2738 recordanti
511 2667 572 2736 cui
593 2664 688 2737 sacta
706 2666 861 2764 ingrata,
881 2690 949 2739 nec
969 2667 1045 2740 ulia

204 2806 306 2882 Hora
323 2807 437 2891 subit,
456 2807 567 2898 cujus
586 2832 658 2881 non
679 2808 891 2882 meminisse
909 2809 1012 2882 velit.

153 2947 313 3040 Quodsi
332 2947 523 3021 succiduis
543 2950 665 3020 tremit
683 2949 798 3044 impar
814 2948 964 3021 dextera
984 2949 1119 3036 nervis,

201 3091 329 3185 Majus
347 3093 383 3164 in
403 3092 517 3166 effeto
533 3116 685 3187 corpore
705 3106 836 3187 pectus
855 3095 962 3167 inest.

150 3238 268 3313 Nulla
285 3236 506 3331 Sophocleae
527 3235 621 3306 vires
639 3236 806 3308 minuere
822 3250 983 3309 senectae
1146 3248 1192 3312 lo

199 3381 357 3465 Damna,
377 3403 443 3452 nec
463 3379 615 3475 ingratae
633 3377 786 3450 crimina
803 3376 889 3449 ficta
906 3374 1054 3450 domita.

150 3524 376 3598 Pendentem
390 3519 505 3613 juxta
522 3518 701 3593 citharam
718 3520 764 3591 de
783 3520 919 3614 pariete
935 3543 1102 3606 sumens,

196 3665 322 3739 Aurea
340 3687 412 3735 non
431 3662 537 3735 residi
558 3659 693 3756 pollice
710 3661 771 3734 fila
789 3675 925 3734 movet.

142 3804 353 3901 OEdipodae
370 3803 470 3875 canit
488 3826 673 3898 aerumnas
691 3817 926 3898 spretumque
942 3816 1145 3888 senectam,

196 3945 335 4024 Blanda
354 3966 421 4018 nec
439 3957 642 4017 extremam
663 3941 775 4017 Musa
787 3920 942 4024 'recusat
958 3965 1083 4038 opem.
1136 3955 1188 4018 20
