2670 4836
419 549 870 607 uusserormrrsrss.
930 512 1007 635 ,ῥ’
1095 545 1158 611 tar

333 790 466 832 nomos
482 790 668 834 nnhvnuu'r
682 791 807 835 soum
822 792 949 836 smus·

126 893 331 970 {hominioque
689 886 692 891 ¹
1007 923 1036 962 s.
1046 920 1072 961 n.
1088 910 1165 960 1755.
1247 941 1252 950 ·

520 1029 768 1041 ——v—-——-—

126 1132 285 1230 iosrrrrr,
322 1168 461 1239 precor,
507 1145 785 1242 Morpheuque,
825 1163 863 1219 et
898 1163 953 1234 tu,
992 1146 1166 1246 Cyllenia

223 1287 354 1378 proles,

173 1424 254 1516 Qui
272 1428 372 1525 virge
390 1442 425 1500 et
445 1428 584 1526 Stygiis
602 1431 744 1503 lumina
761 1431 905 1505 claudis
923 1431 1043 1527 aquis,

126 1560 306 1640 Occultos
325 1571 436 1643 animi
459 1572 553 1643 vires
570 1573 734 1666 aperite;
764 1573 850 1667 quis
869 1572 989 1659 illum,

146 1784 150 1789 ,
173 1705 312 1793 Dicite,
335 1711 435 1806 (narn
454 1711 572 1805 scitis)
594 1710 748 1805 spiritus
768 1711 869 1784 intus
888 1726 991 1808 agat3

131 1844 1169 1950 Corpusubiopprimitursomnostrimmembradiurnis

175 1989 286 2066 Fessa
304 1994 518 2067 ministeriis
535 1994 639 2067 laxat
655 2015 803 2066 amoena
820 1995 950 2088 quies:

131 2135 214 2214 Sive
227 2167 282 2228 ea,
301 2167 494 2238 corporeas
510 2142 628 2215 veluti
648 2142 838 2240 indignata
855 2152 1017 2228 catenas,

176 2279 361 2358 Luctetur
379 2285 500 2378 spatio
519 2284 686 2357 liberiore
702 2284 772 2356 frui
791 2313 801 2366 ;

126 2419 199 2497 seu
217 2426 268 2498 sit
286 2425 444 2511 laetitias,
464 2440 528 2499 aut
548 2424 673 2499 iuctiis
691 2436 935 2497 memorante
952 2424 1104 2517 peracti,

177 2565 324 2640 Rursus
341 2582 378 2639 et
396 2569 613 2641 hesternum
631 2580 742 2640 nocte
761 2563 1061 2657 revolvatopus:
1128 2572 1171 2638 10

126 2706 316 2783 Credibile
333 2726 389 2783 est
409 2725 577 2785 nostrum
597 2712 719 2805 lapsos
739 2710 785 2780 de
805 2707 940 2799 vertice
957 2706 1045 2781 coeli

178 2849 276 2924 A'e‘ra
295 2868 499 2925 nocturnos
517 2816 736 2946 periolitare
754 2850 888 2922 choros
904 2878 912 2932 ;

126 2991 204 3085 Qui
225 2995 367 3094 magica
384 2995 420 3067 in
440 2995 581 3067 somnis
601 3007 758 3090 tangunt
775 2990 938 3065 sensoria
958 2991 1069 3086 virga,

178 3135 227 3210 Et
246 3138 503 3211 luduntmiris
523 3137 663 3209 lumina
682 3137 807 3208 clausa
826 3134 958 3208 modis.

127 3275 231 3354 Hinc
248 3281 372 3353 anima
388 3281 555 3377 agnoscit
571 3241 757 3353 redivitios
776 3280 862 3352 laeta
882 3290 1062 3372 parentes,
1129 3288 1172 3354 15

180 3417 321 3493 Territa
340 3421 401 3494 vel
418 3437 538 3517 raptas
558 3421 675 3517 plorat
692 3421 885 3494 amicitias.

132 3554 306 3658 Remigio
323 3561 461 3636 alarum
481 3560 609 3635 subito
626 3560 772 3634 sublata
790 3560 938 3632 videtur

182 3702 237 3776 ire
255 3728 318 3800 per
335 3704 508 3779 aetherias
526 3705 740 3778 incomitata
759 3704 849 3777 vias.

136 3837 247 3920 Nunc
265 3848 354 3920 visit
370 3860 586 3943 tractusque
604 3845 723 3933 maris,
739 3867 943 3940 manesque
960 3844 1176 3939 profundos,

186 3984 231 4061 Et
247 3988 397 4088 Stygios
415 4001 533 4064 tranat
551 3987 686 4063 flebilis
706 3987 834 4061 umbra
851 3988 968 4062 lacus.
1017 4051 1020 4057 .
1125 3995 1174 4063 20
1231 4070 1234 4074 ,
