2670 4836
132 525 211 623 ¹vm
279 613 287 639 ι
513 521 816 600 enniano.

145 683 250 791 esse;
275 705 418 802 reliqna
443 720 578 792 sextae,
606 722 644 779 et
675 706 762 804 (nisi
791 705 883 802 quid
915 729 974 779 nte
999 706 1182 804 fefellerit)

146 849 272 922 omnia
312 850 358 922 ad
404 847 653 945 Praepositum
697 851 809 922 missa
853 849 930 921 ludi
967 850 1186 945 impetrandi

145 990 273 1089 gratil,
299 991 345 1063 iis
374 990 518 1065 tantum
546 993 730 1087 exceptis,
753 1015 841 1086 quae
869 991 957 1064 noti
975 986 1040 1090 [ζ]
1067 993 1189 1090 desig-

148 1143 298 1203 nantur:
317 1132 442 1204 omnia
456 1131 556 1204 certe
571 1131 704 1206 Etonae
719 1133 868 1205 condita
881 1133 1008 1204 luisse.
1053 1132 1191 1228 Neque

148 1270 234 1346 vcro
259 1297 344 1345 sum
372 1273 519 1369 ignarus
546 1272 704 1367 plurima
722 1274 758 1344 in
790 1272 846 1344 his
865 1273 1090 1345 carminibus
1117 1299 1190 1347 non

147 1409 331 1485 absolutae
351 1436 498 1507 prorsus
519 1411 732 1486 Latinitatis
750 1412 794 1485 ab
812 1415 940 1486 acriori
966 1413 1096 1506 jndice
1115 1416 1192 1487 sore

147 1552 482 1643 animadvertenda,
497 1560 585 1650 quae
599 1570 719 1627 tamen
734 1556 925 1627 emendare
937 1579 1020 1626 snm
1037 1557 1191 1629 veritus:

151 1698 247 1770 inter
266 1696 360 1784 haec,
380 1721 490 1769 voces
507 1695 740 1779 satellitium,
759 1723 884 1782 nutris,
903 1695 1055 1780 coelilus,
1076 1696 1192 1772 Maia

150 1865 215 1936 pro
234 1865 359 1915 mense
377 1838 500 1926 Maio,
520 1846 610 1938 qm
636 1834 825 1935 syllabae§
848 1838 993 1910 ultimae
1011 1854 1096 1911 ante
1114 1838 1193 1913 dno

150 1994 349 2076 sequentes
363 1993 608 2053 consonantes
622 1999 803 2077 correptae
820 2009 829 2065 ;
856 1981 1085 2056 infinitivum
1103 1989 1192 2079 poc·

151 2122 269 2195 ticum
296 2121 350 2194 ier
367 2121 403 2192 in
426 2144 530 2193 versu
559 2119 746 2215 elegiaco;
773 2119 959 2218 syllabae§
990 2121 1136 2197 nltimae
1156 2125 1193 2198 in

151 2277 268 2337 metro
288 2262 499 2360 Glyconico
515 2286 588 2335 non
602 2265 755 2365 α’διαφὸροι
772 2293 781 2348 ;
808 2262 991 2336 dictiones
1004 2266 1194 2342 encliticoe

151 2380 192 2478 nc
208 2422 245 2477 et
261 2431 331 2504 que
345 2403 623 2503 polysyllabicis
636 2404 793 2496 adjectae
810 2404 845 2476 in
863 2404 936 2476 line
951 2406 1048 2478 tertii
1065 2405 1192 2482 versus

154 2546 313 2631 Alcaici,
326 2548 427 2642 quod
441 2570 508 2619 nec
521 2546 633 2619 semel
645 2547 745 2642 apud
763 2544 960 2619 Horatium
974 2576 983 2630 ;
1003 2549 1196 2645 praecipuir

152 2686 240 2761 cum
261 2688 355 2760 hanc
381 2687 497 2760 solam
516 2686 591 2759 fere
607 2688 689 2779 ejus
708 2688 870 2760 imitator
886 2686 1096 2762 Sarbievins
1122 2691 1195 2765 sibi

154 2852 227 2901 non
243 2799 313 2901 nisi
327 2829 440 2901 semel
456 2829 661 2924 permiserit
677 2829 863 2903 licentiam
881 2857 889 2902 :
910 2855 996 2902 cunr
1009 2829 1090 2905 aliis
1108 2834 1196 2928 qui-

74 3014 84 3035 ·
153 2969 308 3045 busdam
334 2983 425 3043 sunt
450 2970 709 3044 enumeranda.
766 2970 836 3045 Pro
853 2942 1026 3044 omnibns
1055 2974 1197 3069 quibus

106 3102 111 3157 2
154 3113 301 3212 benigni
321 3112 471 3187 lectoris
489 3114 755 3211 indulgentiam
785 3114 874 3187 milri
897 3116 1086 3209 polliceor,
1105 3117 1194 3191 ciam

79 3238 85 3247 ¹
153 3257 391 3352 reputaverit,
425 3255 551 3328 omnia
586 3255 668 3329 lraec
702 3281 782 3328 esse
819 3279 1013 3350 puerorum
1045 3258 1196 3354 scripta,

153 3400 327 3495 pleraque
358 3398 417 3471 vel
443 3398 560 3471 biduo
588 3398 644 3471 vel
680 3399 842 3471 breviore
870 3398 1043 3492 temporis
1073 3402 1197 3493 spatio

152 3541 334 3627 conlecta,
353 3563 427 3614 non
455 3541 537 3613 sine
555 3538 749 3636 permultis
767 3554 805 3611 et
831 3539 909 3613 ludi
929 3554 966 3610 et
984 3540 1196 3614 studiorum

153 3681 460 3767 avocationibns;
499 3696 549 3769 et,
578 3680 714 3753 licata
744 3680 1034 3776 praeceptoribus
1065 3681 1196 3756 leviter

153 3825 288 3898 luerint
323 3825 513 3924 castigata,
548 3847 621 3897 non
657 3822 740 3896 idco
774 3823 881 3897 facile
914 3848 994 3896 esse
1029 3847 1075 3896 ex
1122 3824 1195 3895 illis

370 4020 386 4100 5
408 4020 482 4083 Vile
496 4021 620 4093 anes,
637 4020 826 4082 Miscellnncn
843 4019 967 4080 Criticu.
