2670 4836
145 493 213 557 108
433 504 569 585 nosue
594 502 880 561 nrounusns.

427 832 486 876 VOS
506 830 635 875 mm
657 829 696 871 ΕΤ
717 829 896 873 nnunt'rn.

144 937 245 992 Storer.
1025 949 1091 989 nn.
1103 939 1185 993 lm.

543 1101 786 1127 Μ

145 1234 275 1310 Srcur
295 1233 358 1306 ubi
376 1247 544 1307 extremo
562 1234 748 1329 trepidans
768 1232 939 1305 moritura
960 1233 1083 1304 calore

196 1375 381 1448 Incertum
401 1376 518 1449 vibret
535 1374 632 1447 sicca
652 1375 802 1446 lucerna
817 1373 951 1465 jubar:
1000 1370 1003 1375 ‘

121 1530 124 1535 ’
147 1514 292 1591 Emicat
310 1514 468 1587 exultim
487 1514 663 1609 fugitura,
680 1515 889 1607 iterumque
909 1512 1072 1587 relabens

197 1652 344 1727 Lambit
362 1651 590 1724 anhelantem
611 1653 676 1724 lux
696 1654 857 1725 rediviva
875 1654 1002 1727 lucem.

149 1792 264 1867 Haud
282 1817 390 1865 secus
408 1792 525 1865 inviti
541 1790 724 1864 decedens
743 1817 834 1864 voce
853 1791 1018 1865 Camena
1161 1809 1183 1870 5

196 1935 272 2008 Vix
294 1935 360 2007 tibi
378 1958 595 2029 supremum
613 1933 715 2021 dicit,
735 1933 867 2022 Etona,
885 1935 979 2009 vale.

147 2075 225 2149 Vix
245 2076 365 2148 tardos
382 2075 490 2149 soliti
505 2098 653 2172 gressus
670 2075 864 2169 detorquet
882 2074 928 2146 ab
945 2096 1039 2158 erce,
1089 2104 1093 2111 ·

197 2220 390 2295 Dilectum
412 2218 557 2292 Plroebo
574 2220 792 2291 devenernta
811 2240 953 2292 nemus.

147 2361 183 2436 Ο
203 2361 293 2435 mihi
313 2360 413 2432 culta
433 2359 566 2431 Parens
588 2382 806 2454 semperque
828 2357 995 2447 colenda,
1009 2357 1183 2451 J‘uventae

195 2503 343 2584 Tutela,
364 2500 555 2572 Aonidum
574 2501 707 2580 dulcis,
729 2501 860 2584 Elone,
878 2501 1026 2577 domus.
1140 2514 1184 2579 10

147 2633 1185 2742 Siquididest,quodamorepiotuutempluquddurces,

195 2786 310 2878 Quod
330 2808 472 2856 sacrum
492 2786 590 2858 colui
611 2784 708 2857 lidus
727 2784 864 2882 honore
881 2808 1034 2872 nemus;

147 2925 261 3021 Qudd
280 2926 389 2997 docili
411 2939 506 2997 tecta
526 2927 655 2998 intravi
675 2941 812 2999 secreta
832 2927 963 3012 labore,

196 3068 325 3141 Ausus
347 3064 556 3161 Apollineis
576 3067 773 3140 incaluisse
792 3066 924 3140 choris.

146 3208 183 3283 Si
203 3209 298 3281 bene
315 3206 407 3302 quid
425 3208 470 3275 de
489 3223 525 3277 te
543 3209 671 3307 prorui,
691 3210 852 3280 concede
872 3209 1049 3300 vicissim,
1139 3222 1184 3287 15

195 3349 281 3423 Hoc
301 3349 381 3421 leve
401 3350 446 3445 (ui
465 3348 517 3419 fas
535 3348 599 3442 sit)
621 3350 712 3421 lama
729 3364 906 3445 sequetur
922 3375 1032 3445 opus.

147 3492 273 3565 Elidos
290 3492 333 3563 ad
353 3515 515 3585 campos,
534 3492 676 3566 ferrens
695 3492 757 3566 ubi
777 3518 920 3568 carcere
938 3495 1058 3569 victor

195 3629 328 3703 Mollia
346 3654 519 3727 supremo
537 3656 639 3705 crura
657 3634 801 3729 reponit
818 3657 961 3730 equus;

146 3772 319 3847 Perfusos
336 3772 470 3845 sudore
487 3785 599 3858 toros,
618 3787 655 3846 et
672 3787 819 3870 pectora
840 3776 930 3859 flatu

195 3914 334 3989 Gratus
352 3911 539 3987 anhelanti
558 3915 701 4015 turgide
719 3918 858 3993 mulcet
875 3941 1006 4014 eques.
1132 3930 1185 3994 90
