2670 4836
435 551 564 611 MUSAE
598 552 887 610 Ecoususss.
1114 540 1181 602 185

143 722 187 797 Et
205 722 330 796 crebro
348 723 483 797 saliens
502 725 633 799 laetnm
652 751 716 799 cor
733 727 889 822 palpitat
907 725 1000 800 ictu.
1111 762 1114 767 ·
1134 739 1181 800 45

143 862 236 937 Tum
258 863 414 958 liquidae
433 882 544 937 cantu
567 891 703 950 voces;
731 882 822 939 tunc
841 881 926 961 apta
944 867 1089 940 choreis

143 1004 309 1079 Membra
323 1005 433 1096 juvat
449 1006 559 1089 risuS,
573 1005 682 1098 juvat
702 1007 787 1079 ilice
803 1006 932 1080 subter
947 1021 985 1079 et
1004 1007 1135 1081 umbra

144 1144 351 1220 instaurare
368 1146 481 1240 dapes
499 1161 536 1219 et
554 1149 677 1242 pleuae
696 1149 832 1243 pocula
851 1173 1004 1223 mensae.

143 1284 238 1358 Tum
252 1287 423 1377 jucunda
442 1288 561 1381 quies,
584 1288 706 1361 medio
725 1302 803 1361 tum
822 1304 924 1385 grata
939 1290 1014 1363 sub
1030 1303 1126 1365 aestu

143 1423 299 1506 Somnia,
321 1438 401 1497 tum
421 1450 502 1497 sero
520 1427 651 1499 dulces
668 1427 738 1499 sub
758 1452 908 1523 vespere
927 1429 1019 1517 ludi,
1134 1440 1185 1507 50
1276 1526 1282 1535 ¹

144 1566 188 1639 Et
206 1565 399 1661 pastoralis
417 1566 600 1638 silvestria
614 1567 774 1639 carmina
789 1568 933 1662 plectri.

188 1706 1182 1807 Quinage‚quiuoculislaetumcircumspicecampum

145 1834 269 1931 Ruris,
287 1862 325 1919 et
342 1862 501 1944 agrestes
520 1863 600 1919 toto
617 1847 806 1934 colludere
824 1863 949 1923 coetus

144 1985 331 2082 AEquore:
360 2010 441 2080 pars
456 1986 569 2080 agiles
586 1986 676 2058 ficto
694 1992 894 2062 certamine
912 2014 1054 2086 pugnas

145 2125 238 2203 Laeti
260 2133 405 2211 ineunt,
425 2127 609 2221 viridique
622 2144 800 2200 exercent
815 2127 977 2202 membra
991 2132 1183 2225 palaestra:

146 2266 229 2342 Pars
247 2268 362 2365 (ludis
380 2266 499 2339 aliena
516 2281 554 2338 et
574 2268 697 2339 mollis
712 2269 893 2342 amantior
911 2271 981 2367 orl)
1136 2272 1183 2357 56

145 2412 336 2510 Languida
354 2411 514 2486 odoratis
531 2386 813 2507 effusi-corpora
828 2413 918 2507 ripis

146 2554 284 2629 Pocula
302 2553 478 2650 purpurei
497 2554 638 2625 siccant
659 2553 819 2626 halantia
839 2554 992 2630 Bacchi.

143 2696 279 2792 Aptior
295 2708 333 2768 at
352 2694 477 2768 Musis
494 2694 603 2781 alius,
622 2695 811 2790 tacitaque
827 2698 1005 2771 reductus

141 2838 249 2913 Valle
259 2839 363 2911 sedet
379 2835 520 2933 procul,
537 2834 751 2932 Aoniaeque
761 2839 833 2911 sub
843 2838 982 2912 arboris
996 2840 1124 2917 umbra
1137 2843 1186 2918 60

142 2980 317 3055 Carmina
334 2979 494 3052 silvestri
512 2978 715 3050 meditatus
734 2979 871 3051 rustica
889 2980 1030 3074 plectro

145 3121 358 3220 indigenam
378 3133 503 3193 cantat
522 3116 708 3191 Phoebum
724 3117 926 3215 facilesque
944 3118 1153 3206 Camenas;

147 3261 247 3336 Dum
282 3260 423 3335 circum
458 3260 579 3358 gelida
613 3271 713 3332 antra
746 3276 882 3334 sonant
918 3285 1185 3359 nemorumque

240 3404 396 3477 susurri.

195 3546 294 3621 Haec
314 3563 379 3620 tua
398 3546 550 3619 numina
569 3569 711 3643 magna,
730 3563 812 3617 tuas
835 3544 918 3620 haec
935 3547 1060 3619 omnia
1077 3549 1186 3637 vires,

145 3686 245 3762 Dive
256 3705 390 3785 potens
403 3688 622 3762 nebularum
637 3701 674 3761 et
689 3686 865 3782 Princeps
877 3689 1029 3763 retheris
1040 3691 1119 3776 alti,
1137 3693 1185 3767 65

146 3828 370 3928 Agnoscunt
386 3852 397 3916 ς
424 3830 571 3919 uostris,
590 3831 634 3903 alr
654 3836 663 3904 l
692 3829 824 3904 mitior.
833 3853 957 3903 annue
974 3832 1085 3914 votis,

144 3966 324 4070 Quaeque
342 3973 465 4045 leruut
484 3972 596 4068 parci,
613 3994 705 4068 cape
722 3995 876 4048 munera
893 3975 975 4062 rite,
994 3974 1132 4049 coloni.
