2670 4836
230 485 300 553 312
531 500 664 555 MUSAE
698 502 986 561 ETONENSES.

602 684 742 727 LUCIDUS
756 687 885 729 AETHER·

228 751 314 809 Edon.
988 748 990 753 ’

229 961 393 1039 lurtum
413 967 484 1039 snb
504 981 607 1042 terroe
627 969 822 1063 penetralia
840 971 992 1043 crassior
1003 973 1064 1042 aer

229 1101 444 1179 Conclusus
457 1107 588 1194 latitat,
608 1110 904 1204 desudantesque
921 1133 1075 1204 vapores
1189 1148 1192 1153 ·

228 1245 414 1340 Sulphure
430 1250 639 1332 commisto,
658 1249 815 1321 flammis
833 1249 1006 1321 alimenta
1021 1249 1182 1333 futuris;

228 1385 405 1462 Claudier
419 1391 454 1461 in
472 1391 584 1463 caecis
600 1415 688 1485 quae
704 1392 896 1488 dedignata
907 1390 1062 1462 latebris

230 1530 450 1637 Erumpunt,
470 1534 675 1629 tenuesque
702 1559 765 1627 per
782 1536 876 1606 aeris
893 1550 973 1605 aeta
993 1546 1138 1604 meatus
1235 1544 1256 1601 d

228 1672 389 1747 Lumine
405 1675 617 1770 depingunt.
629 1676 773 1748 tremuli
790 1676 972 1771 laquearia
989 1675 1090 1748 coeli.
1212 1701 1220 1713 ·‘
1258 1708 1261 1713 ·

227 1816 357 1887 Acrior
372 1817 514 1887 elicitas
530 1816 662 1911 geniali
684 1816 847 1909 lampade
868 1814 1036 1887 Phoebus

228 1954 433 2028 l‘articulas
450 1957 584 2028 sensim
600 1957 829 2028 fumantibus
846 1970 978 2028 evocat
995 1957 1101 2053 agris,

226 2095 273 2167 Et
293 2097 445 2189 propriis
464 2095 735 2183 annularibus,
756 2097 951 2191 multoque
968 2096 1087 2199 nitore

224 2233 364 2332 Tingit,
386 2249 427 2308 ut
448 2235 590 2332 Arctoo
607 2235 679 2306 late
696 2261 735 2307 se
754 2250 895 2330 promat
914 2235 959 2306 ab
976 2260 1047 2307 axe
1216 2244 1255 2308 10

226 2377 355 2450 Gratia
369 2376 536 2461 confusa,
552 2390 589 2446 et
606 2375 788 2447 radiorum
810 2376 957 2447 lucidus
974 2400 1083 2450 error.

224 2517 306 2589 Nec
324 2540 434 2600 mora,
454 2515 620 2587 materies
639 2530 776 2587 tractus
797 2531 946 2588 tenuata
963 2517 1085 2588 calore
1182 2535 1190 2555 ’-

223 2657 359 2730 Tendit
378 2656 413 2728 in
431 2656 571 2738 aeri0s3
599 2655 660 2726 ubi
681 2655 752 2726 feta
769 2677 902 2750 vapore
921 2656 1073 2730 resolvit

223 2799 332 2872 Terra
348 2799 475 2871 sinus:
503 2797 609 2870 celeri
629 2821 776 2869 sursum
796 2799 974 2896 vertigine
992 2812 1101 2892 raptu¹
1207 2832 1224 2851 ··

224 2941 397 3016 Arrlescit
409 2952 526 3021 motu,
539 2954 576 3010 et
587 2939 719 3010 crebris
731 2940 853 3034 quatit
867 2940 1002 3016 aetlrera
1017 2941 1191 3013 flammis.
1213 2950 1251 3014 ts

223 3083 331 3178 Saepe
347 3081 474 3152 eadem
493 3079 670 3151 abstrusis
688 3093 792 3152 terrae
811 3079 986 3153 conclusa
1002 3082 1172 3153 cavernis

225 3224 400 3297 Materies
419 3237 521 3294 vasto
541 3221 701 3314 perrupit
721 3221 878 3294 claustra
896 3222 1083 3293 tumultu:
1102 3224 1107 3235 '

224 3365 308 3438 Hos
325 3390 441 3459 nuper
458 3379 595 3448 motus,
615 3385 808 3455 versasque
828 3362 864 3432 in
883 3360 1042 3456 margine
1061 3376 1179 3434 turres

225 3505 383 3578 Audiuit
400 3505 535 3602 Tagus,
553 3519 589 3577 et
606 3515 701 3575 retro
717 3504 792 3576 ruit
808 3503 982 3576 omnibus
1001 3503 1124 3577 undis.

274 3646 379 3743 Ergo,
400 3648 459 3719 nbi
476 3647 551 3737 jam
567 3645 787 3738 breviorque
800 3645 891 3730 dies,
901 3644 977 3735 jam
991 3645 1118 3717 mitior
1130 3660 1262 3732 aestas,¹

222 3790 285 3865 Sol
305 3789 367 3861 nbi
381 3783 546 3862 ‘defessos
563 3787 633 3861 sub
651 3789 820 3886 frugifero
835 3802 1018 3859 autumno
1039 3846 1044 3855 .
1205 3801 1259 3864 91·

223 3934 365 4008 Lentus
384 3933 450 4004 init
470 3952 623 4047 currns;
648 3930 853 4003 scintillans
871 3928 1015 4004 flamma
1034 3955 1098 4027 per
1114 3936 1219 4005 auras
1258 3962 1264 3985 ··
