<?xml version="1.0" encoding="UTF-8"?>
<!DOCTYPE html PUBLIC "-//W3C//DTD XHTML 1.0 Transitional//EN"
    "http://www.w3.org/TR/xhtml1/DTD/xhtml1-transitional.dtd">
<html xmlns="http://www.w3.org/1999/xhtml" xml:lang="en" lang="en">
 <head>
  <title>
</title>
<meta http-equiv="Content-Type" content="text/html;charset=utf-8" />
  <meta name='ocr-system' content='tesseract 3.04.00' />
  <meta name='ocr-capabilities' content='ocr_page ocr_carea ocr_par ocr_line ocrx_word'/>
</head>
<body>
  <div class='ocr_page' id='page_1' title='image "./musetonensesseu00unkngoog_0262.png"; bbox 0 0 2670 4836; ppageno 0'>
   <div class='ocr_carea' id='block_1_1' title="bbox 366 98 1104 187">
    <p class='ocr_par' dir='ltr' id='par_1_1' title="bbox 366 98 1104 187">
     <span class='ocr_line' id='line_1_1' title="bbox 366 98 1104 187; baseline -0.014 -16"><span class='ocrx_word' id='word_1_1' title='bbox 366 114 497 171; x_wconf 81' lang='lat' dir='ltr'>MUSAE</span> <span class='ocrx_word' id='word_1_2' title='bbox 531 116 816 187; x_wconf 75' lang='lat' dir='ltr'><strong>ETONENSES.</strong></span> <span class='ocrx_word' id='word_1_3' title='bbox 1032 98 1104 164; x_wconf 72' lang='lat'>945</span> 
     </span>
    </p>
   </div>
   <div class='ocr_carea' id='block_1_2' title="bbox 295 402 872 459">
    <p class='ocr_par' dir='ltr' id='par_1_2' title="bbox 295 402 872 459">
     <span class='ocr_line' id='line_1_2' title="bbox 295 402 872 459; baseline 0.005 -15"><span class='ocrx_word' id='word_1_4' title='bbox 295 402 363 445; x_wconf 73' lang='lat' dir='ltr'>NON</span> <span class='ocrx_word' id='word_1_5' title='bbox 380 404 491 446; x_wconf 71' lang='lat' dir='ltr'>EADEM</span> <span class='ocrx_word' id='word_1_6' title='bbox 506 404 561 447; x_wconf 69' lang='lat' dir='ltr'>EST</span> <span class='ocrx_word' id='word_1_7' title='bbox 575 404 673 459; x_wconf 70' lang='lat' dir='ltr'>um,</span> <span class='ocrx_word' id='word_1_8' title='bbox 688 405 756 447; x_wconf 77' lang='lat' dir='ltr'>NON</span> <span class='ocrx_word' id='word_1_9' title='bbox 773 404 872 449; x_wconf 66' lang='grc' dir='ltr'>ΜΔΕ.</span> 
     </span>
    </p>
   </div>
   <div class='ocr_carea' id='block_1_3' title="bbox 943 534 1101 585">
    <p class='ocr_par' dir='ltr' id='par_1_3' title="bbox 943 534 1101 585">
     <span class='ocr_line' id='line_1_3' title="bbox 943 534 1101 585; baseline -0.019 -1"><span class='ocrx_word' id='word_1_10' title='bbox 943 551 970 584; x_wconf 76' lang='grc' dir='ltr'>Δ.</span> <span class='ocrx_word' id='word_1_11' title='bbox 984 546 1010 585; x_wconf 83' lang='lat' dir='ltr'>n.</span> <span class='ocrx_word' id='word_1_12' title='bbox 1028 534 1101 585; x_wconf 76' lang='lat'><strong>1765.</strong></span> 
     </span>
    </p>
   </div>
   <div class='ocr_carea' id='block_1_4' title="bbox 437 698 743 710">
    <p class='ocr_par' dir='ltr' id='par_1_4' title="bbox 437 698 743 710">
     <span class='ocr_line' id='line_1_4' title="bbox 437 698 743 710; baseline -0.003 0"><span class='ocrx_word' id='word_1_13' title='bbox 437 698 743 710; x_wconf 56' lang='lat' dir='ltr'>m</span> 
     </span>
    </p>
   </div>
   <div class='ocr_carea' id='block_1_5' title="bbox 10 839 1094 2754">
    <p class='ocr_par' dir='ltr' id='par_1_5' title="bbox 70 839 974 1089">
     <span class='ocr_line' id='line_1_5' title="bbox 70 839 974 945; baseline 0.014 -34"><span class='ocrx_word' id='word_1_14' title='bbox 70 839 185 919; x_wconf 80' lang='lat' dir='ltr'>Vnnu</span> <span class='ocrx_word' id='word_1_15' title='bbox 205 869 302 921; x_wconf 92' lang='lat' dir='ltr'>novo</span> <span class='ocrx_word' id='word_1_16' title='bbox 321 851 455 945; x_wconf 90' lang='lat' dir='ltr'>tepidis</span> <span class='ocrx_word' id='word_1_17' title='bbox 474 855 573 925; x_wconf 85' lang='lat' dir='ltr'>fovet</span> <span class='ocrx_word' id='word_1_18' title='bbox 591 879 674 926; x_wconf 85' lang='lat' dir='ltr'>arva</span> <span class='ocrx_word' id='word_1_19' title='bbox 694 853 880 925; x_wconf 86' lang='lat' dir='ltr'>Favonius</span> <span class='ocrx_word' id='word_1_20' title='bbox 895 852 974 940; x_wconf 86' lang='lat' dir='ltr'>alis,</span> 
     </span>
     <span class='ocr_line' id='line_1_6' title="bbox 113 983 853 1089; baseline 0.011 -32"><span class='ocrx_word' id='word_1_21' title='bbox 113 983 295 1062; x_wconf 85' lang='lat' dir='ltr'>Daedalus</span> <span class='ocrx_word' id='word_1_22' title='bbox 314 1006 351 1064; x_wconf 88' lang='lat' dir='ltr'>et</span> <span class='ocrx_word' id='word_1_23' title='bbox 369 994 468 1066; x_wconf 84' lang='lat' dir='ltr'>vario</span> <span class='ocrx_word' id='word_1_24' title='bbox 486 994 574 1065; x_wconf 86' lang='lat' dir='ltr'>flore</span> <span class='ocrx_word' id='word_1_25' title='bbox 592 992 731 1065; x_wconf 82' lang='lat' dir='ltr'>renidet</span> <span class='ocrx_word' id='word_1_26' title='bbox 750 1017 853 1089; x_wconf 82' lang='lat' dir='ltr'>ager3</span> 
     </span>
    </p>

    <p class='ocr_par' dir='ltr' id='par_1_6' title="bbox 67 1120 1066 1357">
     <span class='ocr_line' id='line_1_7' title="bbox 67 1120 1066 1229; baseline 0.009 -34"><span class='ocrx_word' id='word_1_27' title='bbox 67 1120 160 1196; x_wconf 88' lang='lat' dir='ltr'>Mox</span> <span class='ocrx_word' id='word_1_28' title='bbox 180 1128 292 1201; x_wconf 89' lang='lat' dir='ltr'>simul</span> <span class='ocrx_word' id='word_1_29' title='bbox 312 1129 533 1203; x_wconf 82' lang='lat' dir='ltr'>Autumnus</span> <span class='ocrx_word' id='word_1_30' title='bbox 551 1133 773 1226; x_wconf 84' lang='lat' dir='ltr'>decerpserit</span> <span class='ocrx_word' id='word_1_31' title='bbox 791 1133 915 1205; x_wconf 86' lang='lat' dir='ltr'>arbore</span> <span class='ocrx_word' id='word_1_32' title='bbox 931 1134 1066 1229; x_wconf 80' lang='lat' dir='ltr'>fruges,</span> 
     </span>
     <span class='ocr_line' id='line_1_8' title="bbox 111 1266 954 1357; baseline 0.012 -19"><span class='ocrx_word' id='word_1_33' title='bbox 111 1266 195 1341; x_wconf 88' lang='lat' dir='ltr'>Nee</span> <span class='ocrx_word' id='word_1_34' title='bbox 213 1294 325 1357; x_wconf 87' lang='lat' dir='ltr'>mora,</span> <span class='ocrx_word' id='word_1_35' title='bbox 344 1273 495 1347; x_wconf 84' lang='lat' dir='ltr'>deformi</span> <span class='ocrx_word' id='word_1_36' title='bbox 518 1277 634 1347; x_wconf 88' lang='lat' dir='ltr'>sronte</span> <span class='ocrx_word' id='word_1_37' title='bbox 654 1277 805 1349; x_wconf 87' lang='lat' dir='ltr'>recurrit</span> <span class='ocrx_word' id='word_1_38' title='bbox 824 1277 954 1348; x_wconf 89' lang='lat' dir='ltr'>hiems.</span> 
     </span>
    </p>

    <p class='ocr_par' dir='ltr' id='par_1_7' title="bbox 10 1406 1094 1649">
     <span class='ocr_line' id='line_1_9' title="bbox 10 1406 1094 1514; baseline 0.003 -27"><span class='ocrx_word' id='word_1_39' title='bbox 10 1474 17 1487; x_wconf 94' lang='lat'>.</span> <span class='ocrx_word' id='word_1_40' title='bbox 62 1406 123 1482; x_wconf 79' lang='lat' dir='ltr'>sie</span> <span class='ocrx_word' id='word_1_41' title='bbox 137 1410 261 1497; x_wconf 84' lang='lat' dir='ltr'>homo,</span> <span class='ocrx_word' id='word_1_42' title='bbox 276 1413 366 1486; x_wconf 92' lang='lat' dir='ltr'>dum</span> <span class='ocrx_word' id='word_1_43' title='bbox 381 1416 529 1509; x_wconf 89' lang='lat' dir='ltr'>tepidus</span> <span class='ocrx_word' id='word_1_44' title='bbox 544 1415 669 1489; x_wconf 90' lang='lat' dir='ltr'>crebro</span> <span class='ocrx_word' id='word_1_45' title='bbox 684 1418 767 1489; x_wconf 87' lang='lat' dir='ltr'>salit</span> <span class='ocrx_word' id='word_1_46' title='bbox 782 1419 919 1513; x_wconf 89' lang='lat' dir='ltr'>impete</span> <span class='ocrx_word' id='word_1_47' title='bbox 933 1417 1094 1514; x_wconf 79' lang='lat' dir='ltr'>sanguia,</span> 
     </span>
     <span class='ocr_line' id='line_1_10' title="bbox 111 1546 1092 1649; baseline 0.008 -29"><span class='ocrx_word' id='word_1_48' title='bbox 111 1546 215 1621; x_wconf 91' lang='lat' dir='ltr'>Dum</span> <span class='ocrx_word' id='word_1_49' title='bbox 232 1554 367 1649; x_wconf 83' lang='lat' dir='ltr'>spargit</span> <span class='ocrx_word' id='word_1_50' title='bbox 385 1550 519 1625; x_wconf 87' lang='lat' dir='ltr'>nitidas</span> <span class='ocrx_word' id='word_1_51' title='bbox 537 1557 627 1626; x_wconf 87' lang='lat' dir='ltr'>festa</span> <span class='ocrx_word' id='word_1_52' title='bbox 641 1556 800 1645; x_wconf 82' lang='lat' dir='ltr'>juventa</span> <span class='ocrx_word' id='word_1_53' title='bbox 816 1582 926 1644; x_wconf 76' lang='lat' dir='ltr'>rosae,</span> <span class='ocrx_word' id='word_1_54' title='bbox 1070 1559 1092 1628; x_wconf 87' lang='grc'>6</span> 
     </span>
    </p>

    <p class='ocr_par' dir='ltr' id='par_1_8' title="bbox 60 1687 1051 1931">
     <span class='ocr_line' id='line_1_11' title="bbox 60 1687 821 1786; baseline 0.011 -25"><span class='ocrx_word' id='word_1_55' title='bbox 60 1687 215 1786; x_wconf 86' lang='lat' dir='ltr'>Ingenio</span> <span class='ocrx_word' id='word_1_56' title='bbox 229 1692 360 1765; x_wconf 80' lang='lat' dir='ltr'>audaci</span> <span class='ocrx_word' id='word_1_57' title='bbox 378 1694 495 1765; x_wconf 88' lang='lat' dir='ltr'>fidens</span> <span class='ocrx_word' id='word_1_58' title='bbox 515 1696 716 1770; x_wconf 85' lang='lat' dir='ltr'>Heliconia</span> <span class='ocrx_word' id='word_1_59' title='bbox 734 1698 821 1769; x_wconf 87' lang='lat' dir='ltr'>visit</span> 
     </span>
     <span class='ocr_line' id='line_1_12' title="bbox 108 1828 1051 1931; baseline 0.005 -27"><span class='ocrx_word' id='word_1_60' title='bbox 108 1828 298 1922; x_wconf 80' lang='lat' dir='ltr'>culmina,</span> <span class='ocrx_word' id='word_1_61' title='bbox 318 1835 562 1928; x_wconf 87' lang='lat' dir='ltr'>pennipedem</span> <span class='ocrx_word' id='word_1_62' title='bbox 580 1836 727 1908; x_wconf 88' lang='lat' dir='ltr'>flectere</span> <span class='ocrx_word' id='word_1_63' title='bbox 746 1836 880 1907; x_wconf 87' lang='lat' dir='ltr'>doctus</span> <span class='ocrx_word' id='word_1_64' title='bbox 898 1860 1051 1931; x_wconf 85' lang='lat' dir='ltr'>equum.</span> 
     </span>
    </p>

    <p class='ocr_par' dir='ltr' id='par_1_9' title="bbox 55 1970 1090 2213">
     <span class='ocr_line' id='line_1_13' title="bbox 55 1970 1040 2075; baseline 0.003 -30"><span class='ocrx_word' id='word_1_65' title='bbox 55 1970 171 2046; x_wconf 74' lang='lat' dir='ltr'>Astra</span> <span class='ocrx_word' id='word_1_66' title='bbox 188 1977 322 2069; x_wconf 88' lang='lat' dir='ltr'>premit</span> <span class='ocrx_word' id='word_1_67' title='bbox 338 2000 477 2072; x_wconf 83' lang='lat' dir='ltr'>gressu,</span> <span class='ocrx_word' id='word_1_68' title='bbox 493 1978 627 2049; x_wconf 88' lang='lat' dir='ltr'>fruitur</span> <span class='ocrx_word' id='word_1_69' title='bbox 645 1999 812 2048; x_wconf 88' lang='lat' dir='ltr'>sermone</span> <span class='ocrx_word' id='word_1_70' title='bbox 832 1974 1011 2059; x_wconf 91' lang='lat' dir='ltr'>Deorum,</span> <span class='ocrx_word' id='word_1_71' title='bbox 1035 2066 1040 2075; x_wconf 81' lang='lat'><em>.</em></span> 
     </span>
     <span class='ocr_line' id='line_1_14' title="bbox 107 2114 1090 2213; baseline 0.004 -24"><span class='ocrx_word' id='word_1_72' title='bbox 107 2114 251 2190; x_wconf 88' lang='lat' dir='ltr'>Laurea</span> <span class='ocrx_word' id='word_1_73' title='bbox 268 2118 313 2190; x_wconf 93' lang='lat' dir='ltr'>de</span> <span class='ocrx_word' id='word_1_74' title='bbox 331 2143 433 2191; x_wconf 86' lang='lat' dir='ltr'>sacro</span> <span class='ocrx_word' id='word_1_75' title='bbox 452 2132 577 2191; x_wconf 90' lang='lat' dir='ltr'>monte</span> <span class='ocrx_word' id='word_1_76' title='bbox 593 2133 732 2213; x_wconf 85' lang='lat' dir='ltr'>tropaea</span> <span class='ocrx_word' id='word_1_77' title='bbox 750 2119 855 2212; x_wconf 86' lang='lat' dir='ltr'>rapit.</span> <span class='ocrx_word' id='word_1_78' title='bbox 1047 2130 1090 2193; x_wconf 90' lang='lat'>10</span> 
     </span>
    </p>

    <p class='ocr_par' dir='ltr' id='par_1_10' title="bbox 52 2254 1075 2496">
     <span class='ocr_line' id='line_1_15' title="bbox 52 2254 1075 2355; baseline 0.004 -26"><span class='ocrx_word' id='word_1_79' title='bbox 52 2254 197 2332; x_wconf 72' lang='lat' dir='ltr'>Verum</span> <span class='ocrx_word' id='word_1_80' title='bbox 217 2260 279 2331; x_wconf 90' lang='lat' dir='ltr'>ubi</span> <span class='ocrx_word' id='word_1_81' title='bbox 300 2272 423 2354; x_wconf 89' lang='lat' dir='ltr'>torpor</span> <span class='ocrx_word' id='word_1_82' title='bbox 442 2262 537 2333; x_wconf 89' lang='lat' dir='ltr'>iners</span> <span class='ocrx_word' id='word_1_83' title='bbox 555 2259 741 2353; x_wconf 87' lang='lat' dir='ltr'>tristisque</span> <span class='ocrx_word' id='word_1_84' title='bbox 760 2261 897 2355; x_wconf 82' lang='lat' dir='ltr'>ingrata</span> <span class='ocrx_word' id='word_1_85' title='bbox 914 2272 1075 2333; x_wconf 85' lang='lat' dir='ltr'>senectae</span> 
     </span>
     <span class='ocr_line' id='line_1_16' title="bbox 104 2399 827 2496; baseline -0.004 -25"><span class='ocrx_word' id='word_1_86' title='bbox 104 2399 267 2474; x_wconf 86' lang='lat' dir='ltr'>Vincula</span> <span class='ocrx_word' id='word_1_87' title='bbox 287 2403 445 2479; x_wconf 87' lang='lat' dir='ltr'>tardatos</span> <span class='ocrx_word' id='word_1_88' title='bbox 464 2402 679 2496; x_wconf 90' lang='lat' dir='ltr'>implicuere</span> <span class='ocrx_word' id='word_1_89' title='bbox 698 2400 827 2493; x_wconf 90' lang='lat' dir='ltr'>pedes;</span> 
     </span>
    </p>

    <p class='ocr_par' dir='ltr' id='par_1_11' title="bbox 51 2536 1070 2754">
     <span class='ocr_line' id='line_1_17' title="bbox 51 2536 1070 2638; baseline -0.001 -26"><span class='ocrx_word' id='word_1_90' title='bbox 51 2536 224 2614; x_wconf 86' lang='lat' dir='ltr'>Membra</span> <span class='ocrx_word' id='word_1_91' title='bbox 242 2542 372 2638; x_wconf 85' lang='lat' dir='ltr'>rigent,</span> <span class='ocrx_word' id='word_1_92' title='bbox 391 2543 581 2635; x_wconf 87' lang='lat' dir='ltr'>lassosque</span> <span class='ocrx_word' id='word_1_93' title='bbox 599 2540 740 2636; x_wconf 85' lang='lat' dir='ltr'>agitans</span> <span class='ocrx_word' id='word_1_94' title='bbox 758 2539 953 2612; x_wconf 86' lang='lat' dir='ltr'>crudeliter</span> <span class='ocrx_word' id='word_1_95' title='bbox 970 2552 1070 2612; x_wconf 88' lang='lat' dir='ltr'>artus</span> 
     </span>
     <span class='ocr_line' id='line_1_18' title="bbox 102 2678 912 2754; baseline 0.001 -2"><span class='ocrx_word' id='word_1_96' title='bbox 102 2678 236 2753; x_wconf 86' lang='lat' dir='ltr'>Tussis</span> <span class='ocrx_word' id='word_1_97' title='bbox 253 2681 485 2754; x_wconf 87' lang='lat' dir='ltr'>anhelantem</span> <span class='ocrx_word' id='word_1_98' title='bbox 504 2696 615 2753; x_wconf 83' lang='lat' dir='ltr'>vexat</span> <span class='ocrx_word' id='word_1_99' title='bbox 634 2680 760 2752; x_wconf 87' lang='lat' dir='ltr'>acerba</span> <span class='ocrx_word' id='word_1_100' title='bbox 775 2705 912 2754; x_wconf 90' lang='lat' dir='ltr'>senem.</span> 
     </span>
    </p>
   </div>
   <div class='ocr_carea' id='block_1_6' title="bbox 50 2816 1084 2917">
    <p class='ocr_par' dir='ltr' id='par_1_12' title="bbox 50 2816 1084 2917">
     <span class='ocr_line' id='line_1_19' title="bbox 50 2816 1084 2917; baseline 0.005 -24"><span class='ocrx_word' id='word_1_101' title='bbox 50 2816 165 2893; x_wconf 90' lang='lat' dir='ltr'>Mens</span> <span class='ocrx_word' id='word_1_102' title='bbox 177 2823 287 2895; x_wconf 89' lang='lat' dir='ltr'>etiam</span> <span class='ocrx_word' id='word_1_103' title='bbox 299 2823 445 2896; x_wconf 91' lang='lat' dir='ltr'>senium</span> <span class='ocrx_word' id='word_1_104' title='bbox 462 2822 623 2917; x_wconf 88' lang='lat' dir='ltr'>patitur;</span> <span class='ocrx_word' id='word_1_105' title='bbox 644 2845 723 2905; x_wconf 82' lang='lat' dir='ltr'>nec,</span> <span class='ocrx_word' id='word_1_106' title='bbox 736 2832 778 2893; x_wconf 90' lang='lat' dir='ltr'>ut</span> <span class='ocrx_word' id='word_1_107' title='bbox 790 2837 885 2906; x_wconf 86' lang='lat' dir='ltr'>ante,</span> <span class='ocrx_word' id='word_1_108' title='bbox 904 2820 1084 2898; x_wconf 87' lang='lat' dir='ltr'>Camenas</span> 
     </span>
    </p>
   </div>
   <div class='ocr_carea' id='block_1_7' title="bbox 52 2958 1084 3620">
    <p class='ocr_par' dir='ltr' id='par_1_13' title="bbox 52 2958 1084 3199">
     <span class='ocr_line' id='line_1_20' title="bbox 99 2958 1084 3055; baseline 0.007 -23"><span class='ocrx_word' id='word_1_109' title='bbox 99 2958 265 3049; x_wconf 89' lang='lat' dir='ltr'>Excolit,</span> <span class='ocrx_word' id='word_1_110' title='bbox 285 2974 349 3034; x_wconf 88' lang='lat' dir='ltr'>aut</span> <span class='ocrx_word' id='word_1_111' title='bbox 367 2961 499 3055; x_wconf 86' lang='lat' dir='ltr'>lepidis</span> <span class='ocrx_word' id='word_1_112' title='bbox 518 2962 696 3034; x_wconf 86' lang='lat' dir='ltr'>convenit</span> <span class='ocrx_word' id='word_1_113' title='bbox 715 2962 776 3033; x_wconf 88' lang='lat' dir='ltr'>illa</span> <span class='ocrx_word' id='word_1_114' title='bbox 789 2962 899 3053; x_wconf 87' lang='lat' dir='ltr'>jocis.</span> <span class='ocrx_word' id='word_1_115' title='bbox 1042 2970 1084 3039; x_wconf 85' lang='lat'>16</span> 
     </span>
     <span class='ocr_line' id='line_1_21' title="bbox 52 3094 1063 3199; baseline 0.007 -28"><span class='ocrx_word' id='word_1_116' title='bbox 52 3094 223 3199; x_wconf 81' lang='lat' dir='ltr'>Frangite</span> <span class='ocrx_word' id='word_1_117' title='bbox 235 3100 315 3193; x_wconf 89' lang='lat' dir='ltr'>jam</span> <span class='ocrx_word' id='word_1_118' title='bbox 333 3101 505 3190; x_wconf 88' lang='lat' dir='ltr'>calamos,</span> <span class='ocrx_word' id='word_1_119' title='bbox 524 3103 732 3198; x_wconf 91' lang='lat' dir='ltr'>monitique</span> <span class='ocrx_word' id='word_1_120' title='bbox 749 3102 933 3196; x_wconf 88' lang='lat' dir='ltr'>quiescite</span> <span class='ocrx_word' id='word_1_121' title='bbox 949 3118 1063 3191; x_wconf 85' lang='lat' dir='ltr'>vates,</span> 
     </span>
    </p>

    <p class='ocr_par' dir='ltr' id='par_1_14' title="bbox 56 3239 1008 3479">
     <span class='ocr_line' id='line_1_22' title="bbox 100 3239 982 3337; baseline 0.006 -24"><span class='ocrx_word' id='word_1_122' title='bbox 100 3239 224 3332; x_wconf 87' lang='lat' dir='ltr'>Quels</span> <span class='ocrx_word' id='word_1_123' title='bbox 242 3267 309 3315; x_wconf 89' lang='lat' dir='ltr'>sua</span> <span class='ocrx_word' id='word_1_124' title='bbox 327 3257 416 3316; x_wconf 90' lang='lat' dir='ltr'>sunt</span> <span class='ocrx_word' id='word_1_125' title='bbox 433 3242 523 3315; x_wconf 73' lang='lat' dir='ltr'>canl</span> <span class='ocrx_word' id='word_1_126' title='bbox 543 3260 704 3336; x_wconf 87' lang='lat' dir='ltr'>tempora</span> <span class='ocrx_word' id='word_1_127' title='bbox 721 3266 841 3337; x_wconf 90' lang='lat' dir='ltr'>sparsa</span> <span class='ocrx_word' id='word_1_128' title='bbox 865 3248 982 3319; x_wconf 74' lang='lat' dir='ltr'>comd.</span> 
     </span>
     <span class='ocr_line' id='line_1_23' title="bbox 56 3376 1008 3479; baseline 0.013 -28"><span class='ocrx_word' id='word_1_129' title='bbox 56 3376 195 3454; x_wconf 81' lang='lat' dir='ltr'>Fronde</span> <span class='ocrx_word' id='word_1_130' title='bbox 212 3383 323 3455; x_wconf 88' lang='lat' dir='ltr'>semel</span> <span class='ocrx_word' id='word_1_131' title='bbox 344 3384 493 3457; x_wconf 87' lang='lat' dir='ltr'>vinctus</span> <span class='ocrx_word' id='word_1_132' title='bbox 511 3383 706 3479; x_wconf 71' lang='lat' dir='ltr'>palmaque</span> <span class='ocrx_word' id='word_1_133' title='bbox 726 3387 868 3479; x_wconf 89' lang='lat' dir='ltr'>potitus</span> <span class='ocrx_word' id='word_1_134' title='bbox 889 3394 1008 3463; x_wconf 69' lang='lat' dir='ltr'>amata</span> 
     </span>
    </p>

    <p class='ocr_par' dir='ltr' id='par_1_15' title="bbox 101 3518 1082 3620">
     <span class='ocr_line' id='line_1_24' title="bbox 101 3518 1082 3620; baseline 0.01 -25"><span class='ocrx_word' id='word_1_135' title='bbox 101 3518 234 3596; x_wconf 86' lang='lat' dir='ltr'>Laetus</span> <span class='ocrx_word' id='word_1_136' title='bbox 253 3521 477 3619; x_wconf 91' lang='lat' dir='ltr'>Olympiaco</span> <span class='ocrx_word' id='word_1_137' title='bbox 495 3523 636 3618; x_wconf 89' lang='lat' dir='ltr'>cespite</span> <span class='ocrx_word' id='word_1_138' title='bbox 652 3525 751 3598; x_wconf 92' lang='lat' dir='ltr'>cedit</span> <span class='ocrx_word' id='word_1_139' title='bbox 768 3549 901 3620; x_wconf 87' lang='lat' dir='ltr'>equus.</span> <span class='ocrx_word' id='word_1_140' title='bbox 1034 3540 1082 3605; x_wconf 72' lang='lat'>90</span> 
     </span>
    </p>
   </div>
   <div class='ocr_carea' id='block_1_8' title="bbox 0 0 1340 4836">
    <p class='ocr_par' dir='ltr' id='par_1_16' title="bbox 0 0 1340 4836">
     <span class='ocr_line' id='line_1_25' title="bbox 0 0 1340 4836; baseline 0 2"><span class='ocrx_word' id='word_1_141' title='bbox 0 0 1340 4836; x_wconf 95' lang='lat' dir='ltr'> </span> 
     </span>
    </p>
   </div>
  </div>
 </body>
</html>
