2670 4836
142 514 188 585 46
428 524 560 613 musu
590 520 879 578 nronnusns.

276 851 328 894 ms
344 851 471 894 SALTEM
487 847 687 892 ACCUMULEM
703 846 813 889 BONIS.

146 952 314 1025 Bcouclranrp.
698 948 733 1002 In
747 949 842 1003 obitum
851 948 878 1005 J.
894 947 985 1020 Woffe.
1020 965 1087 1005 mo.
1098 955 1177 1008 ms.

145 1266 228 1355 Asr
263 1268 410 1353 iterum,
444 1293 467 1340 o
498 1267 614 1353 dolor,
650 1279 705 1338 ast
740 1265 873 1338 iteruin
902 1264 991 1337 milri
1023 1266 1179 1359 parcite,

242 1409 435 1508 Nymphae
454 1441 463 1496 ;

145 1551 238 1640 Vos,
258 1552 419 1641 hederae‚
441 1552 642 1646 laurdsque
660 1551 741 1624 rudi
764 1548 953 1622 nascentia
969 1547 1062 1620 falce
1161 1536 1164 1541 ’

145 1691 332 1775 Germina,
357 1707 395 1765 et
413 1689 553 1764 invitus
572 1693 706 1763 crudos
725 1690 919 1784 decerpere
935 1687 1079 1760 fructus

145 1833 366 1931 Aggredior:
394 1858 488 1905 nova
517 1857 604 1905 cura
631 1834 774 1928 premit,
802 1856 897 1904 nova
914 1855 1025 1904 eausa
1042 1830 1181 1906 doloris

145 1973 258 2073 Cogit
275 1976 481 2048 inassuetos
500 1976 661 2048 numeris
679 1974 869 2048 intendere
888 1975 1029 2050 luctus.
1157 1989 1179 2048 5

147 2112 246 2186 Nam
265 2138 338 2187 non
356 2113 529 2186 infletum
548 2137 683 2209 corpus
700 2125 888 2209 putrescet
905 2112 1014 2185 arena

143 2253 264 2343 Illius,
283 2255 418 2352 insigni
434 2279 547 2350 quem
564 2278 637 2327 non
656 2278 848 2350 superesse
867 2253 1056 2348 triumpho

144 2392 235 2487 Fata
252 2397 394 2482 sinunt,
413 2397 479 2488 qui
499 2396 616 2467 victor
633 2394 732 2479 oblt;
768 2395 833 2466 sed
850 2395 919 2468 rite
936 2394 1096 2491 profusis

146 2534 303 2612 Ornabit
320 2534 502 2631 lacrymis,
522 2534 584 2605 sed
598 2546 699 2630 grata
718 2533 907 2607 Britannia
921 2534 1047 2625 justos

146 2677 350 2772 Fletusque
367 2677 603 2774 gemitusque
620 2675 733 2764 dabit,
749 2675 882 2750 solatia
896 2675 1023 2749 luctds
1137 2688 1181 2753 to

76 2804 80 2813 ’
146 2816 293 2915 Exigua
313 2819 481 2917 ingentis,
499 2830 602 2890 tanto
619 2816 684 2889 sed
702 2816 827 2889 debita
845 2818 932 2890 civi.

147 2957 253 3048 Quid
272 2956 337 3031 tibi
357 2957 553 3032 Gallorum
570 2958 648 3031 diro
666 2972 817 3053 quatere
835 2958 971 3052 oppida
988 2956 1101 3042 bello,

148 3109 308 3184 Duratas
327 3134 509 3207 peragrare
526 3112 645 3195 nives,
663 3134 727 3206 per
745 3111 850 3183 litora
867 3120 972 3181 vasto

147 3250 358 3329 Dissoeiata
377 3254 476 3339 mari,
496 3272 559 3346 per
576 3248 762 3346 inhospita
780 3251 917 3345 profuit
934 3270 1019 3323 arva

148 3395 336 3490 Rumpere
352 3396 432 3479 iter,
451 3394 635 3489 scalisque
654 3390 808 3465 hostiles
828 3389 998 3464 scandere
1016 3389 1173 3464 muros?

147 3533 312 3610 Pectoris
330 3535 399 3609 alr!
429 3535 545 3606 satius
562 3534 680 3606 fuerat
698 3534 1030 3617 mulcere-furores,
1135 3533 1194 3607 16·

147 3671 311 3748 Lenibus
329 3688 393 3746 aut
410 3676 464 3746 otl
482 3674 630 3761 studiis,
649 3675 871 3774 cyathisque
889 3686 1074 3747 morantes

148 3814 287 3889 Fallere
300 3815 494 3908 purpureis
514 3814 632 3901 horas,
649 3815 819 3913 gelidove
836 3817 907 3889 sub
925 3829 1029 3890 antro

147 3954 354 4029 Amlrrosiis
374 3953 497 4052 Lydes
516 3957 681 4030 intexere
700 3970 793 4030 serta
811 3957 968 4053 capillis.
