2670 4836
411 560 544 618 reuss
568 558 855 617 srousrrsss.
1079 538 1152 610 909

498 842 650 887 DOMTUS
672 842 771 885 RUDE·

502 1139 749 1175 'm-

126 1300 192 1377 Mrr
211 1302 341 1397 procul
359 1326 532 1398 aequaevo
549 1321 652 1377 coetu
673 1305 889 1400 laribusque
906 1300 1021 1377 beatis

172 1445 318 1518 Avocat
336 1447 382 1518 ad
400 1470 524 1519 muros
541 1447 638 1543 regia
657 1445 797 1519 Granta
815 1471 928 1521 suos:

126 1586 240 1662 Parva
267 1603 389 1660 tamen
417 1613 517 1662 mora
543 1590 605 1674 sit,
634 1589 796 1684 spatium
826 1587 947 1677 breve,
976 1588 1065 1660 dum
1092 1586 1159 1661 tibi

272 1730 409 1824 possim

175 1867 311 1943 Dicere
327 1894 556 1966 supremum,
575 1872 698 1945 dulcis
717 1871 848 1958 Brona,
868 1873 970 1946 vale!

126 2011 311 2103 Quamvis
331 2009 484 2098 Pierios,
505 2010 620 2084 Musis
636 2012 810 2101 ducente,
831 2035 997 2084 recessus
1142 2024 1163 2085 5

177 2150 400 2225 Perlustrarc
418 2153 488 2223 mei
508 2176 581 2225 non
601 2152 761 2224 didicere
779 2153 905 2246 pedes,

126 2290 221 2384 Qud
238 2316 341 2365 mens
355 2306 456 2389 gruta
474 2307 608 2377 tamen,
628 2293 745 2387 pietas
761 2291 839 2387 qud
856 2291 929 2365 fida
948 2292 1107 2378 vocabit,

179 2432 319 2509 Officio
335 2460 483 2533 gressus
500 2436 771 2531 deproperante‚
789 2459 935 2531 sequar.

127 2576 270 2651 Dum*
291 2577 370 2662 tibi,
389 2579 453 2672 qui
481 2590 622 2651 teneras
639 2577 783 2651 finxisti
802 2577 846 2650 ad
867 2579 1027 2652 carmina
1045 2600 1167 2666 voces,

183 2719 294 2795 Dona
310 2722 399 2793 ferat
418 2721 547 2794 timidis
565 2735 688 2794 nostra
705 2720 838 2794 Thalia
857 2746 982 2796 manu.
1128 2731 1171 2796 10

129 2861 202 2935 Est
219 2861 363 2956 aliquid
382 2875 505 2934 tecum
525 2862 636 2933 simul
656 2860 868 2946 incoluisse,
882 2862 1032 2954 juvabit

183 3002 327 3076 Tecum
349 3003 488 3077 Pierios
506 3004 708 3083 deseruisse
726 3004 842 3077 lares:

130 3142 192 3216 At
209 3167 281 3216 non
301 3156 405 3216 totus
421 3143 508 3215 abes
524 3172 534 3227 3
560 3144 636 3231 sed,
656 3157 698 3216 ut
715 3158 814 3231 ante,
832 3144 970 3241 vigebit
987 3143 1109 3218 Etoua

183 3286 267 3363 Jam
286 3310 441 3382 quoque
459 3287 632 3382 praesidio
651 3311 724 3360 non
743 3288 859 3361 aliena
877 3301 955 3362 tuo.

129 3426 326 3503 Dilectum
345 3426 471 3501 Musis
489 3430 609 3502 aedem
627 3452 674 3500 ue
691 3429 830 3518 desere,
850 3429 996 3504 Phoebo
1134 3442 1177 3506 15

189 3570 273 3644 Nec
291 3572 423 3666 cupias
441 3596 614 3645 numeros
632 3572 814 3667 eripuisse
829 3597 918 3645 suos
933 3601 943 3656 3

134 3711 1179 3813 Nsmsimulabscedes(quodjamprocuiabsit)Etonsm

192 3856 335 3944 Rarior,
354 3856 517 3932 abducto
535 3857 703 3954 praeside,
723 3857 829 3932 turba
846 3859 966 3935 colet:

545 4028 561 4059 ‘
579 4025 633 4080 Dr.
647 4025 781 4081 Burncrd.

196 4160 288 4211 vol„
303 4163 318 4211 1
325 4195 333 4212 .
656 4164 679 4212 P
