2670 4836
425 552 559 612 MUSAE
590 555 880 619 E'rortmtsns.

150 717 293 807 Adeste;
321 725 434 817 patris
452 726 682 820 supplicium
701 732 779 804 luat

151 858 293 937 Mactata
311 866 429 960 proles
444 896 453 949 ;
483 891 528 938 ne
546 867 710 943 domitus
727 873 841 945 semel

230 1006 408 1103 Resurget
428 1008 557 1093 hostis,
576 1034 648 1082 neu
668 1013 796 1085 recisae

277 1147 377 1222 Cum
397 1150 546 1244 populis
563 1167 785 1227 renoventur
803 1155 922 1230 urbes.

155 1285 278 1376 “Quin
297 1291 377 1384 ipse
393 1314 561 1386 surgam3
588 1292 659 1362 sub
678 1293 834 1386 pedibus
851 1311 972 1392 gemet

156 1427 324 1502 “Hostile
340 1456 489 1526 regnum
507 1462 516 1514 ;
544 1445 592 1517 te,
609 1432 789 1530 Babylon,
809 1450 894 1509 tuos

234 1583 255 1615 “
274 1572 304 1645 E
321 1573 435 1666 stirpe
451 1574 686 1646 contundens
704 1586 858 1666 nepotes

281 1720 304 1755 “
324 1712 425 1785 Curn
443 1713 594 1785 senibus
608 1714 871 1809 juvenumque
888 1714 997 1790 turba

157 1849 407 1926 “insanientes
424 1855 592 1928 funditus
610 1880 748 1930 eruam.

158 1999 175 2033 “
190 1991 267 2081 Quia
282 2006 386 2065 vasta
403 1996 519 2066 moles
538 2020 637 2068 nune
656 2012 770 2092 capnt
787 1999 944 2093 impium

237 2141 259 2173 “
277 2131 355 2205 Sub
374 2146 468 2204 astra
485 2133 596 2218 tollit,
616 2159 702 2211 mox
720 2137 900 2223 jacebunt

285 2283 308 2315 “
329 2271 450 2368 Lapsa
464 2273 544 2344 solo
562 2287 803 2346 monumenta
819 2277 963 2350 dextrae

154 2418 172 2454 “
188 2409 430 2498 Potentioris;
459 2427 539 2485 turn
557 2412 661 2485 viridi
684 2414 789 2508 palos

151 2564 171 2597 ‘⁴
186 2553 372 2652 Stagnabit
390 2555 501 2639 unda,
522 2553 633 2640 tarda,
653 2555 871 2643 inamabilis,

238 2705 260 2740 “
281 2695 463 2790 Diraeque
481 2696 690 2769 lustrabunt
706 2696 876 2770 volucres

285 2845 310 2879 ‘⁸
330 2835 532 2908 Horrisono
551 2835 631 2906 loca
648 2835 726 2907 sola
743 2835 896 2910 cantu.''

147 2976 230 3074 (Ille
247 3000 346 3050 unns
364 2974 471 3049 nrbes
488 2979 553 3071 qui
571 2974 662 3071 regit
679 2974 812 3048 arbiter

145 3118 205 3193 Sic
222 3119 295 3191 fata
312 3116 425 3211 dixit)
455 3128 478 3160 “
499 3114 576 3204 Qui
596 3115 756 3208 populos
774 3117 875 3189 ferox
931 3170 934 3181 .

242 3266 268 3300 “
288 3257 411 3356 Fregit
427 3269 626 3352 gementes,
643 3256 843 3350 saeviitque

290 3407 316 3444 ‘⁸
336 3398 405 3471 Per
423 3399 604 3492 trepidum
622 3398 819 3505 populator
839 3395 977 3487 orbem,

143 3552 168 3587 ‘⁸
188 3538 305 3615 Hunc
323 3540 403 3634 ipse
419 3540 539 3611 dirum
556 3537 745 3610 montibus
763 3538 799 3607 in
819 3536 909 3608 meis

141 3692 168 3726 ‘⁸
186 3680 354 3756 Sternam
369 3678 564 3750 draconem
580 3705 590 3760 ;
617 3689 699 3748 tum
716 3674 827 3747 simul
845 3674 954 3747 aurea

245 3830 267 3865 “
286 3819 332 3893 In
351 3842 441 3914 pace
457 3815 682 3914 gaudebunt,
694 3815 863 3909 jugoque

293 3970 317 4006 “
336 3959 545 4040 Excutiens
559 3984 629 4035 sua
645 3957 741 4032 colla
757 3953 926 4054 gentes.''
