2678 4830
445 541 579 598 MUSAE
612 535 900 596 ETONENSES.
1132 535 1198 598 133

413 781 539 824 ANIMUS
556 783 720 831 CUJUSQUE
735 783 790 824 EST
807 781 957 832 QUtsQUE.

159 882 246 938 Here.
1042 905 1067 940 a.
1080 902 1107 941 n·
1122 890 1199 943 1765.

156 1134 288 1211 Srcur
310 1135 373 1209 ubi
395 1135 538 1210 Phoebe
556 1138 690 1210 vicinis
708 1135 858 1233 ignibus
872 1159 995 1207 errans

207 1273 374 1372 Tethyos
393 1277 550 1349 alternas
567 1277 690 1350 sorbet
707 1291 744 1347 et
763 1276 867 1348 inflat
885 1298 999 1369 aquas
1014 1305 1022 1358 ;

159 1416 220 1490 Sic
239 1419 387 1490 animus
405 1419 517 1491 tacite
535 1419 708 1490 excubiis
726 1418 927 1494 exercitus,
947 1439 1048 1488 aurae

206 1556 394 1654 Simplicis
412 1559 603 1632 aetheriam
618 1558 753 1654 spargit
771 1559 808 1630 in
830 1581 912 1628 ossa
928 1557 1058 1629 facem.

145 1700 287 1798 „Usque
305 1705 505 1798 repentinis
525 1705 599 1778 huc
618 1704 709 1776 illuc
728 1702 893 1776 motibus
911 1725 1042 1797 aequor
1174 1716 1196 1776 ὁ

120 1880 122 1885 ·
199 1841 401 1938 'Temperat
419 1847 455 1915 in
476 1860 592 1918 certas
608 1861 796 1919 menstrua
811 1845 918 1918 Luna
937 1846 1062 1930 vices;

153 1983 213 2058 Sic
233 2009 336 2057 mens
354 1987 509 2060 diversis
526 1988 680 2060 affectos
699 1989 864 2060 motibus
880 1986 995 2077 artus,

203 2135 253 2208 Et
271 2148 393 2207 totum
412 2135 503 2208 mirb
517 2135 597 2231 tege
613 2148 768 2228 pererrat
786 2159 894 2229 opus.

150 2274 371 2360 Causidic0‚
390 2275 528 2368 rapidae
547 2275 735 2346 moderata
752 2275 914 2346 tonitrua
933 2276 1073 2372 linguae

108 2442 111 2447 ·
202 2415 961 2511 Mirificumeloquiisufficitunamelos
1151 2431 1194 2494 10

152 2560 267 2664 Qudd
288 2561 381 2632 bene
398 2559 556 2631 lascivos
575 2558 678 2631 Naso
696 2558 891 2652 descripsit
906 2583 1060 2645 amores,

197 2699 327 2784 Vivit;
353 2714 390 2772 et
410 2701 446 2770 in
467 2697 593 2794 lyricis
614 2697 745 2770 Lesbia
765 2700 930 2795 nympha
948 2702 1081 2776 modis.

148 2842 273 2916 Omne
291 2856 401 2914 tuum
420 2853 489 2924 est,
507 2840 610 2936 qubd
638 2855 833 2935 congestos
860 2840 1011 2934 Sophus
1037 2843 1191 2918 orbibus

345 2983 451 3056 orbes

196 3124 375 3219 Suspicit,
396 3124 482 3196 aerii
501 3123 626 3195 lucida
639 3138 748 3218 regna
763 3121 852 3215 poli.
903 3157 907 3166 ·

145 3265 204 3338 Tu
226 3267 302 3338 veri
320 3290 470 3338 arcanos
488 3278 594 3359 potes
614 3289 686 3336 una
704 3265 894 3338 recludere
911 3265 1045 3348 fontes,
1145 3277 1189 3341 15

196 3408 244 3481 Et
263 3406 415 3503 Sophiae
434 3407 615 3502 ancipites
632 3408 864 3503 explicuisse
880 3407 971 3480 vias,

146 3551 217 3626 Sed
236 3575 358 3648 neque
376 3550 541 3623 eoelestis
558 3548 764 3621 scintillula
779 3549 901 3620 vivida
920 3549 1082 3622 ssammae

196 3694 328 3767 Nescit
346 3695 509 3788 corporei
527 3716 695 3788 rumpere
713 3689 871 3762 claustra
890 3689 973 3762 iuti.

147 3834 220 3910 Ast
238 3851 353 3908 exuta
371 3834 486 3908 semel
504 3833 664 3930 gravidae
682 3830 885 3904 retinacula
905 3831 1024 3902 carnis

197 3975 371 4050 Vindicat
391 3986 554 4071 optatam
575 3997 717 4070 praepes
735 3971 782 4044 ad
800 3984 893 4042 astra
913 3970 1024 4045 viam.
1143 3984 1191 4048 90
