2670 4836
354 528 503 584 unsre
535 527 826 589 nnonansus
1036 512 1108 586 987

60 693 240 792 Undique
256 681 409 770 festivos
429 722 490 792 per
507 698 619 770 densa
638 699 767 771 sedilia
786 699 938 795 plausus
961 716 965 721 ·

109 836 252 911 Divino
271 838 497 934 ingeminant
516 838 785 933 amphitheatra
802 839 896 913 seni.

61 977 146 1073 lpse
164 979 269 1051 sedet
288 978 390 1051 lauro
409 980 528 1051 crines
546 979 810 1067 circumdatus,
831 980 909 1074 ipse

110 1117 305 1213 Temperat
324 1121 488 1192 emeritae
506 1118 656 1191 subdita
671 1120 781 1192 corda
799 1121 901 1217 lyrae.

60 1260 164 1334 Talis
178 1260 275 1354 apud
292 1259 439 1333 Siculos
455 1274 538 1356 post
551 1261 745 1353 splendida
758 1264 854 1334 facta
863 1261 1035 1353 juventoe
1054 1274 1099 1338 25

113 1402 292 1499 Longaevi
313 1402 434 1499 viguit
451 1401 681 1475 Timoleonis
699 1400 831 1476 honos.
896 1500 899 1505 y

62 1545 232 1621 Auribus
248 1545 398 1647 arrectis
416 1546 661 1619 circumstans
682 1542 789 1616 turba
804 1544 951 1617 verendi
1034 1580 1039 1593 ·

113 1688 242 1761 Anxia
259 1688 409 1760 fatidico
427 1688 564 1782 pendet
581 1687 627 1758 ab
644 1709 705 1759 ore
722 1686 834 1760 senis.

60 1827 134 1902 Seu
155 1826 245 1899 furit
264 1827 443 1900 infaustos
460 1827 601 1924 agitans
618 1826 801 1901 discordia
818 1828 932 1916 cives,

114 1965 264 2041 Arbiter
283 1965 343 2039 hic
360 1967 471 2049 dictis
490 1965 637 2038 turbida
653 1967 762 2039 corda
780 1968 894 2064 regit,
1054 1979 1101 2046 30

61 2105 148 2180 Sive
165 2129 262 2200 opus
282 2106 318 2176 in
336 2103 475 2178 bellum
496 2119 633 2178 turmas
651 2107 863 2192 accendere,
882 2109 994 2181 tardi·
1106 2166 1109 2171 .

113 2246 259 2344 Lingua
277 2246 375 2318 senis
394 2246 500 2329 vires,
519 2245 742 2339 queisceret
766 2247 857 2341 ipse,
877 2262 1002 2323 novet.

63 2390 266 2464 Fortunate
282 2394 423 2459 senex!
454 2384 541 2459 licet
560 2384 700 2484 inclyta
720 2401 862 2483 torpeat
879 2388 984 2462 annis

112 2532 290 2619 Dextera,
306 2544 344 2602 et
361 2528 529 2601 officium
549 2527 690 2600 lumina
706 2527 833 2601 clause
852 2544 997 2643 negent.

60 2676 289 2750 Fortunate!
317 2684 404 2745 tuos
420 2694 504 2744 nam
523 2671 553 2743 si
574 2670 659 2766 quis
678 2642 881 2745 honeribus
896 2694 1012 2749 anuos
1053 2683 1099 2749 85

114 2818 347 2900 Dinumeret,
366 2813 476 2912 Pylio
493 2813 653 2887 Nestore
671 2813 786 2907 major
802 2836 892 2888 etas.
