2670 4836
46 568 48 573 .
143 513 192 579 20
432 520 566 578 MUSAE
596 522 885 581 ETONENSES.

147 690 195 763 Et
214 704 333 763 tamen
356 688 415 763 hic
435 694 561 765 mortis
579 706 710 789 nuptae
730 694 824 767 male
842 693 1019 767 convenit
1045 692 1183 779 horror,

198 831 340 907 Pocula
360 859 426 907 nec
446 836 557 908 laetns
575 834 661 908 talia
680 837 810 907 miscet
831 833 995 930 Hymen.

148 974 347 1069 Splendida
366 998 474 1061 mors,
493 977 629 1059 sateor;
662 990 784 1048 tamen
803 975 999 1047 immatura
1017 987 1184 1059 vocetur,

197 1115 299 1205 Quae
316 1117 409 1211 rapit
426 1117 602 1211 amplexu
622 1141 692 1205 ore,
712 1115 931 1201 Maeonissa,
954 1131 1034 1190 tuo.

147 1230 299 1331 Scilicet
318 1284 502 1353 aequaevoe
522 1261 645 1355 lepido
663 1260 821 1332 clamore
837 1258 993 1345 sodales,
1137 1271 1186 1335 25

199 1396 261 1471 nd
280 1399 430 1473 citharae
450 1400 578 1472 dulces
598 1413 697 1473 rnota
714 1400 847 1473 chorea
863 1424 987 1487 sonos,

149 1538 393 1614 Conveniunt
411 1540 544 1613 rnelirls
564 1541 724 1613 thalamo
739 1542 867 1613 festiva
880 1540 1013 1637 jugali,

200 1680 306 1753 Dum
324 1681 402 1752 face
419 1680 596 1753 discutiat
614 1682 731 1754 tristia
749 1684 846 1755 lidus
866 1683 996 1757 Amor.

150 1819 255 1911 Quid
276 1821 427 1913 precor?
456 1834 498 1891 ut
513 1822 639 1914 prirnoe
655 1824 794 1919 trepida
810 1824 1051 1921 intergaudia
1065 1827 1188 1900 noctis

198 1962 332 2035 Tradar
351 1963 387 2034 in
407 1964 560 2036 hostiles
578 1965 674 2061 regia
691 1988 794 2037 serva
812 1966 971 2037 manus?
1139 1976 1189 2043 30

150 2101 301 2175 Scilicet
320 2104 399 2197 ipsa
416 2104 522 2175 ducis
537 2128 666 2177 currus
684 2104 806 2199 regina
822 2104 1002 2197 superbos
1094 2102 1121 2149 ‘r

203 2244 305 2317 Pone
325 2244 538 2339 triumphali
557 2243 737 2341 compede
756 2244 881 2315 vincta
898 2244 1059 2339 sequar?

149 2385 301 2459 Scilicet
318 2385 494 2479 aspiciam
516 2385 633 2479 (laetae
652 2381 866 2476 spectacula
883 2382 1020 2479 plebis)

203 2528 345 2601 Punica
365 2526 533 2599 Romano
551 2525 681 2599 tradita
694 2526 799 2622 signa
811 2523 927 2600 Jovi?

152 2665 1189 2765 llauditamegenitor,neepatruusHannibal,haudsie

201 2810 333 2885 Acrior
350 2810 486 2883 erudiit
502 2822 650 2902 pectora
667 2825 790 2881 nostra
807 2807 974 2905 Syphax.
1140 2818 1189 2889 36

63 3052 70 3070 ι
149 2951 204 3025 Τε
221 2976 386 3047 quoque,
407 2962 443 3021 te
461 2947 593 3021 melina
612 2953 754 3043 patriae,
774 2949 992 3038 Masanissa,
1011 2950 1164 3042 labanti,

198 3095 254 3169 Te
273 3092 405 3167 melitis
423 3105 552 3188 nnptae
567 3091 802 3165 consuluisse
819 3106 910 3179 tuae,

151 3238 299 3318 Sentio;
330 3239 365 3305 in
386 3236 460 3304 ima
478 3236 598 3304 furens
615 3232 730 3324 serpit
748 3230 949 3325 praecordia
967 3231 1082 3319 virne,

202 3378 249 3451 Et
266 3377 400 3450 cadite
419 3372 559 3469 trepida
576 3371 700 3446 charta
718 3371 858 3467 relapsa
873 3395 998 3446 manu.
1138 3387 1186 3451 40

150 3519 208 3594 Tu
230 3534 350 3593 tamen
368 3516 527 3612 accipias
546 3513 678 3587 animae
696 3538 867 3610 suprema
884 3512 1037 3611 fugacis,

200 3663 301 3755 Quae
321 3661 387 3735 tibi
407 3661 471 3733 vix
490 3659 648 3735 moriens
666 3658 728 3732 dat
746 3655 991 3753 Sophonisba,
1010 3654 1117 3729 vale!
