<?xml version="1.0" encoding="UTF-8"?>
<!DOCTYPE html PUBLIC "-//W3C//DTD XHTML 1.0 Transitional//EN"
    "http://www.w3.org/TR/xhtml1/DTD/xhtml1-transitional.dtd">
<html xmlns="http://www.w3.org/1999/xhtml" xml:lang="en" lang="en">
 <head>
  <title>
</title>
<meta http-equiv="Content-Type" content="text/html;charset=utf-8" />
  <meta name='ocr-system' content='tesseract 3.04.00' />
  <meta name='ocr-capabilities' content='ocr_page ocr_carea ocr_par ocr_line ocrx_word'/>
</head>
<body>
  <div class='ocr_page' id='page_1' title='image "./musetonensesseu00unkngoog_0313.png"; bbox 0 0 2670 4836; ppageno 0'>
   <div class='ocr_carea' id='block_1_1' title="bbox 144 519 904 619">
    <p class='ocr_par' dir='ltr' id='par_1_1' title="bbox 144 519 904 619">
     <span class='ocr_line' id='line_1_1' title="bbox 144 519 904 619; baseline 0.001 -34"><span class='ocrx_word' id='word_1_1' title='bbox 144 519 216 592; x_wconf 75' lang='lat'>298</span> <span class='ocrx_word' id='word_1_2' title='bbox 385 610 388 619; x_wconf 84' lang='lat'><em>.</em></span> <span class='ocrx_word' id='word_1_3' title='bbox 448 529 904 591; x_wconf 69' lang='lat' dir='ltr'>uusuusouuusus.</span> 
     </span>
    </p>
   </div>
   <div class='ocr_carea' id='block_1_2' title="bbox 142 704 1190 3366">
    <p class='ocr_par' dir='ltr' id='par_1_2' title="bbox 142 704 1190 3366">
     <span class='ocr_line' id='line_1_2' title="bbox 147 704 1186 801; baseline 0.003 -23"><span class='ocrx_word' id='word_1_4' title='bbox 147 704 343 788; x_wconf 83' lang='lat' dir='ltr'>Provocat,</span> <span class='ocrx_word' id='word_1_5' title='bbox 355 719 392 777; x_wconf 87' lang='lat' dir='ltr'>et</span> <span class='ocrx_word' id='word_1_6' title='bbox 407 704 555 800; x_wconf 86' lang='lat' dir='ltr'>paribus</span> <span class='ocrx_word' id='word_1_7' title='bbox 569 705 702 779; x_wconf 87' lang='lat' dir='ltr'>laesum</span> <span class='ocrx_word' id='word_1_8' title='bbox 716 704 832 777; x_wconf 88' lang='lat' dir='ltr'>decus</span> <span class='ocrx_word' id='word_1_9' title='bbox 847 719 984 801; x_wconf 82' lang='lat' dir='ltr'>arrogat</span> <span class='ocrx_word' id='word_1_10' title='bbox 996 705 1123 778; x_wconf 84' lang='lat' dir='ltr'>armis:</span> <span class='ocrx_word' id='word_1_11' title='bbox 1142 718 1186 781; x_wconf 68' lang='lat'>20</span> 
     </span>
     <span class='ocr_line' id='line_1_3' title="bbox 146 814 1106 943; baseline 0.003 -24"><span class='ocrx_word' id='word_1_12' title='bbox 146 846 299 921; x_wconf 87' lang='lat' dir='ltr'>Tardior</span> <span class='ocrx_word' id='word_1_13' title='bbox 318 847 378 919; x_wconf 91' lang='lat' dir='ltr'>hic</span> <span class='ocrx_word' id='word_1_14' title='bbox 397 847 543 921; x_wconf 85' lang='lat' dir='ltr'>tumido</span> <span class='ocrx_word' id='word_1_15' title='bbox 559 847 704 920; x_wconf 85' lang='lat' dir='ltr'>dudum</span> <span class='ocrx_word' id='word_1_16' title='bbox 723 846 796 920; x_wconf 87' lang='lat' dir='ltr'>sub</span> <span class='ocrx_word' id='word_1_17' title='bbox 814 814 964 943; x_wconf 85' lang='lat' dir='ltr'>pectore</span> <span class='ocrx_word' id='word_1_18' title='bbox 979 818 1106 922; x_wconf 84' lang='lat' dir='ltr'>dirum</span> 
     </span>
     <span class='ocr_line' id='line_1_4' title="bbox 148 973 1190 1087; baseline 0.001 -24"><span class='ocrx_word' id='word_1_19' title='bbox 148 973 360 1063; x_wconf 86' lang='lat' dir='ltr'>Consilium</span> <span class='ocrx_word' id='word_1_20' title='bbox 375 989 482 1085; x_wconf 89' lang='lat' dir='ltr'>tegit余</span> <span class='ocrx_word' id='word_1_21' title='bbox 502 1002 719 1082; x_wconf 87' lang='lat' dir='ltr'>en,tempus</span> <span class='ocrx_word' id='word_1_22' title='bbox 730 1013 858 1061; x_wconf 89' lang='lat' dir='ltr'>secum</span> <span class='ocrx_word' id='word_1_23' title='bbox 872 989 951 1084; x_wconf 86' lang='lat' dir='ltr'>ip&#39;se</span> <span class='ocrx_word' id='word_1_24' title='bbox 964 990 1190 1087; x_wconf 86' lang='lat' dir='ltr'>modumque</span> 
     </span>
     <span class='ocr_line' id='line_1_5' title="bbox 144 1131 996 1229; baseline -0.006 -22"><span class='ocrx_word' id='word_1_25' title='bbox 144 1133 286 1229; x_wconf 84' lang='lat' dir='ltr'>Exigit,</span> <span class='ocrx_word' id='word_1_26' title='bbox 304 1145 342 1203; x_wconf 91' lang='lat' dir='ltr'>et</span> <span class='ocrx_word' id='word_1_27' title='bbox 360 1155 489 1204; x_wconf 82' lang='lat' dir='ltr'>secura</span> <span class='ocrx_word' id='word_1_28' title='bbox 506 1153 676 1226; x_wconf 85' lang='lat' dir='ltr'>premens</span> <span class='ocrx_word' id='word_1_29' title='bbox 696 1131 851 1229; x_wconf 83' lang='lat' dir='ltr'>vestigio</span> <span class='ocrx_word' id='word_1_30' title='bbox 868 1154 996 1203; x_wconf 85' lang='lat' dir='ltr'>saevos</span> 
     </span>
     <span class='ocr_line' id='line_1_6' title="bbox 143 1269 1126 1366; baseline 0.002 -20"><span class='ocrx_word' id='word_1_31' title='bbox 143 1273 266 1358; x_wconf 80' lang='lat' dir='ltr'>lrruit,</span> <span class='ocrx_word' id='word_1_32' title='bbox 282 1273 554 1366; x_wconf 84' lang='lat' dir='ltr'>incautumque</span> <span class='ocrx_word' id='word_1_33' title='bbox 573 1270 718 1343; x_wconf 89' lang='lat' dir='ltr'>hostem</span> <span class='ocrx_word' id='word_1_34' title='bbox 736 1271 808 1344; x_wconf 91' lang='lat' dir='ltr'>sub</span> <span class='ocrx_word' id='word_1_35' title='bbox 827 1269 978 1344; x_wconf 77' lang='lat' dir='ltr'>Tartara</span> <span class='ocrx_word' id='word_1_36' title='bbox 996 1272 1126 1348; x_wconf 87' lang='lat' dir='ltr'>mittit.</span> 
     </span>
     <span class='ocr_line' id='line_1_7' title="bbox 142 1413 1185 1510; baseline 0.005 -23"><span class='ocrx_word' id='word_1_37' title='bbox 142 1413 305 1487; x_wconf 83' lang='lat' dir='ltr'>Exitiale</span> <span class='ocrx_word' id='word_1_38' title='bbox 324 1414 447 1486; x_wconf 80' lang='lat' dir='ltr'>furens</span> <span class='ocrx_word' id='word_1_39' title='bbox 465 1437 530 1508; x_wconf 86' lang='lat' dir='ltr'>per</span> <span class='ocrx_word' id='word_1_40' title='bbox 549 1425 660 1485; x_wconf 83' lang='lat' dir='ltr'>terras</span> <span class='ocrx_word' id='word_1_41' title='bbox 681 1414 849 1510; x_wconf 86' lang='lat' dir='ltr'>undique</span> <span class='ocrx_word' id='word_1_42' title='bbox 868 1413 1019 1487; x_wconf 85' lang='lat' dir='ltr'>iberum</span> <span class='ocrx_word' id='word_1_43' title='bbox 1142 1427 1185 1492; x_wconf 76' lang='lat'>95</span> 
     </span>
     <span class='ocr_line' id='line_1_8' title="bbox 144 1551 1028 1650; baseline 0 -23"><span class='ocrx_word' id='word_1_44' title='bbox 144 1555 235 1628; x_wconf 85' lang='lat' dir='ltr'>Dira</span> <span class='ocrx_word' id='word_1_45' title='bbox 253 1555 366 1650; x_wconf 79' lang='lat' dir='ltr'>agitat</span> <span class='ocrx_word' id='word_1_46' title='bbox 385 1553 522 1648; x_wconf 85' lang='lat' dir='ltr'>pestis余</span> <span class='ocrx_word' id='word_1_47' title='bbox 551 1551 673 1647; x_wconf 84' lang='lat' dir='ltr'>qualis</span> <span class='ocrx_word' id='word_1_48' title='bbox 691 1554 874 1649; x_wconf 84' lang='lat' dir='ltr'>spatiatur</span> <span class='ocrx_word' id='word_1_49' title='bbox 892 1554 926 1625; x_wconf 90' lang='lat' dir='ltr'>io</span> <span class='ocrx_word' id='word_1_50' title='bbox 946 1579 1028 1627; x_wconf 86' lang='lat' dir='ltr'>oras</span> 
     </span>
     <span class='ocr_line' id='line_1_9' title="bbox 143 1691 1114 1789; baseline -0.003 -18"><span class='ocrx_word' id='word_1_51' title='bbox 143 1696 288 1771; x_wconf 82' lang='lat' dir='ltr'>ltaliae!</span> <span class='ocrx_word' id='word_1_52' title='bbox 319 1694 470 1789; x_wconf 90' lang='lat' dir='ltr'>quoties</span> <span class='ocrx_word' id='word_1_53' title='bbox 487 1707 601 1789; x_wconf 82' lang='lat' dir='ltr'>atque</span> <span class='ocrx_word' id='word_1_54' title='bbox 620 1716 717 1766; x_wconf 84' lang='lat' dir='ltr'>uxor</span> <span class='ocrx_word' id='word_1_55' title='bbox 739 1691 914 1766; x_wconf 84' lang='lat' dir='ltr'>America</span> <span class='ocrx_word' id='word_1_56' title='bbox 932 1717 1114 1788; x_wconf 88' lang='lat' dir='ltr'>sponsum</span> 
     </span>
     <span class='ocr_line' id='line_1_10' title="bbox 143 1833 1088 1931; baseline -0.001 -20"><span class='ocrx_word' id='word_1_57' title='bbox 143 1837 244 1911; x_wconf 84' lang='lat' dir='ltr'>Fusa</span> <span class='ocrx_word' id='word_1_58' title='bbox 261 1858 373 1931; x_wconf 81' lang='lat' dir='ltr'>super</span> <span class='ocrx_word' id='word_1_59' title='bbox 391 1833 553 1917; x_wconf 84' lang='lat' dir='ltr'>fremuit,</span> <span class='ocrx_word' id='word_1_60' title='bbox 574 1834 727 1929; x_wconf 88' lang='lat' dir='ltr'>natique</span> <span class='ocrx_word' id='word_1_61' title='bbox 744 1834 872 1906; x_wconf 86' lang='lat' dir='ltr'>avulsa</span> <span class='ocrx_word' id='word_1_62' title='bbox 891 1848 1088 1931; x_wconf 86' lang='lat' dir='ltr'>pareutum</span> 
     </span>
     <span class='ocr_line' id='line_1_11' title="bbox 143 1978 1042 2075; baseline 0.002 -23"><span class='ocrx_word' id='word_1_63' title='bbox 143 1979 309 2067; x_wconf 85' lang='lat' dir='ltr'>Viscera,</span> <span class='ocrx_word' id='word_1_64' title='bbox 327 1978 385 2050; x_wconf 88' lang='lat' dir='ltr'>vel</span> <span class='ocrx_word' id='word_1_65' title='bbox 405 1978 495 2051; x_wconf 87' lang='lat' dir='ltr'>caesi</span> <span class='ocrx_word' id='word_1_66' title='bbox 511 1992 736 2075; x_wconf 87' lang='lat' dir='ltr'>gemuerunt</span> <span class='ocrx_word' id='word_1_67' title='bbox 751 1979 879 2052; x_wconf 78' lang='lat' dir='ltr'>funera</span> <span class='ocrx_word' id='word_1_68' title='bbox 896 1979 1042 2054; x_wconf 53' lang='lat' dir='ltr'>fratris!</span> 
     </span>
     <span class='ocr_line' id='line_1_12' title="bbox 194 2117 1186 2219; baseline 0.004 -27"><span class='ocrx_word' id='word_1_69' title='bbox 194 2119 331 2194; x_wconf 88' lang='lat' dir='ltr'><strong>Nonne</strong></span> <span class='ocrx_word' id='word_1_70' title='bbox 343 2118 468 2193; x_wconf 83' lang='lat' dir='ltr'>vides?</span> <span class='ocrx_word' id='word_1_71' title='bbox 490 2132 532 2191; x_wconf 91' lang='lat' dir='ltr'>ut</span> <span class='ocrx_word' id='word_1_72' title='bbox 544 2117 703 2195; x_wconf 86' lang='lat' dir='ltr'>Maurus</span> <span class='ocrx_word' id='word_1_73' title='bbox 717 2131 822 2193; x_wconf 84' lang='lat' dir='ltr'>atrox</span> <span class='ocrx_word' id='word_1_74' title='bbox 837 2121 970 2219; x_wconf 63' lang='lat' dir='ltr'>magno</span> <span class='ocrx_word' id='word_1_75' title='bbox 983 2120 1125 2196; x_wconf 85' lang='lat' dir='ltr'>efferus</span> <span class='ocrx_word' id='word_1_76' title='bbox 1139 2121 1186 2196; x_wconf 79' lang='lat' dir='ltr'>irt</span> 
     </span>
     <span class='ocr_line' id='line_1_13' title="bbox 145 2260 1181 2360; baseline -0.002 -19"><span class='ocrx_word' id='word_1_77' title='bbox 145 2265 298 2353; x_wconf 85' lang='lat' dir='ltr'>Saeviat,</span> <span class='ocrx_word' id='word_1_78' title='bbox 316 2263 544 2358; x_wconf 80' lang='lat' dir='ltr'>adversoque</span> <span class='ocrx_word' id='word_1_79' title='bbox 561 2284 688 2347; x_wconf 76' lang='lat' dir='ltr'>ensem</span> <span class='ocrx_word' id='word_1_80' title='bbox 707 2260 778 2335; x_wconf 91' lang='lat' dir='ltr'>sub</span> <span class='ocrx_word' id='word_1_81' title='bbox 794 2275 948 2358; x_wconf 85' lang='lat' dir='ltr'>gutture</span> <span class='ocrx_word' id='word_1_82' title='bbox 966 2262 1069 2360; x_wconf 83' lang='lat' dir='ltr'>figat.</span> <span class='ocrx_word' id='word_1_83' title='bbox 1141 2275 1181 2341; x_wconf 79' lang='lat'>31</span> 
     </span>
     <span class='ocr_line' id='line_1_14' title="bbox 146 2402 1103 2499; baseline -0.002 -18"><span class='ocrx_word' id='word_1_84' title='bbox 146 2408 234 2481; x_wconf 91' lang='lat' dir='ltr'>Non</span> <span class='ocrx_word' id='word_1_85' title='bbox 255 2405 362 2479; x_wconf 89' lang='lat' dir='ltr'>illum</span> <span class='ocrx_word' id='word_1_86' title='bbox 374 2404 452 2496; x_wconf 86' lang='lat' dir='ltr'>jam</span> <span class='ocrx_word' id='word_1_87' title='bbox 472 2404 590 2499; x_wconf 83' lang='lat' dir='ltr'>prisca</span> <span class='ocrx_word' id='word_1_88' title='bbox 608 2402 711 2492; x_wconf 87' lang='lat' dir='ltr'>fides,</span> <span class='ocrx_word' id='word_1_89' title='bbox 730 2404 910 2498; x_wconf 80' lang='lat' dir='ltr'>promissa</span> <span class='ocrx_word' id='word_1_90' title='bbox 927 2428 1103 2479; x_wconf 87' lang='lat' dir='ltr'>severum</span> 
     </span>
     <span class='ocr_line' id='line_1_15' title="bbox 145 2544 1183 2643; baseline -0.001 -19"><span class='ocrx_word' id='word_1_91' title='bbox 145 2547 262 2624; x_wconf 83' lang='lat' dir='ltr'>Nulla</span> <span class='ocrx_word' id='word_1_92' title='bbox 276 2569 424 2620; x_wconf 86' lang='lat' dir='ltr'>movere</span> <span class='ocrx_word' id='word_1_93' title='bbox 439 2544 619 2629; x_wconf 85' lang='lat' dir='ltr'>animum,</span> <span class='ocrx_word' id='word_1_94' title='bbox 632 2544 825 2641; x_wconf 81' lang='lat' dir='ltr'>diramque</span> <span class='ocrx_word' id='word_1_95' title='bbox 842 2570 863 2616; x_wconf 91' lang='lat' dir='ltr'>e</span> <span class='ocrx_word' id='word_1_96' title='bbox 881 2558 1033 2639; x_wconf 81' lang='lat' dir='ltr'>pectore</span> <span class='ocrx_word' id='word_1_97' title='bbox 1048 2562 1183 2643; x_wconf 84' lang='lat' dir='ltr'>pestem</span> 
     </span>
     <span class='ocr_line' id='line_1_16' title="bbox 147 2689 1064 2785; baseline -0.005 -16"><span class='ocrx_word' id='word_1_98' title='bbox 147 2691 372 2769; x_wconf 84' lang='lat' dir='ltr'>Excussisse</span> <span class='ocrx_word' id='word_1_99' title='bbox 390 2701 557 2785; x_wconf 85' lang='lat' dir='ltr'>queunt余</span> <span class='ocrx_word' id='word_1_100' title='bbox 585 2702 689 2762; x_wconf 85' lang='lat' dir='ltr'>tanto</span> <span class='ocrx_word' id='word_1_101' title='bbox 706 2690 822 2784; x_wconf 77' lang='lat' dir='ltr'>magis</span> <span class='ocrx_word' id='word_1_102' title='bbox 842 2689 903 2763; x_wconf 84' lang='lat' dir='ltr'>ille</span> <span class='ocrx_word' id='word_1_103' title='bbox 920 2690 1064 2766; x_wconf 81' lang='lat' dir='ltr'>furores</span> 
     </span>
     <span class='ocr_line' id='line_1_17' title="bbox 147 2832 1184 2932; baseline -0.004 -17"><span class='ocrx_word' id='word_1_104' title='bbox 147 2836 334 2921; x_wconf 83' lang='lat' dir='ltr'>Exocuit余</span> <span class='ocrx_word' id='word_1_105' title='bbox 361 2858 435 2909; x_wconf 92' lang='lat' dir='ltr'>non</span> <span class='ocrx_word' id='word_1_106' title='bbox 453 2833 567 2909; x_wconf 87' lang='lat' dir='ltr'>tristis</span> <span class='ocrx_word' id='word_1_107' title='bbox 586 2832 704 2907; x_wconf 86' lang='lat' dir='ltr'>hiems</span> <span class='ocrx_word' id='word_1_108' title='bbox 723 2849 946 2932; x_wconf 83' lang='lat' dir='ltr'>montesque</span> <span class='ocrx_word' id='word_1_109' title='bbox 960 2837 1118 2920; x_wconf 80' lang='lat' dir='ltr'>nivales,</span> <span class='ocrx_word' id='word_1_110' title='bbox 1142 2848 1184 2914; x_wconf 76' lang='lat'>35</span> 
     </span>
     <span class='ocr_line' id='line_1_18' title="bbox 147 2975 1184 3073; baseline -0.003 -19"><span class='ocrx_word' id='word_1_111' title='bbox 147 2979 237 3055; x_wconf 87' lang='lat' dir='ltr'>Non</span> <span class='ocrx_word' id='word_1_112' title='bbox 254 2977 402 3073; x_wconf 89' lang='lat' dir='ltr'>scopuli</span> <span class='ocrx_word' id='word_1_113' title='bbox 421 2999 608 3071; x_wconf 83' lang='lat' dir='ltr'>rupesque</span> <span class='ocrx_word' id='word_1_114' title='bbox 625 2999 742 3062; x_wconf 84' lang='lat' dir='ltr'>cavae,</span> <span class='ocrx_word' id='word_1_115' title='bbox 757 2991 823 3051; x_wconf 87' lang='lat' dir='ltr'>aut</span> <span class='ocrx_word' id='word_1_116' title='bbox 838 2975 986 3068; x_wconf 84' lang='lat' dir='ltr'>objecta</span> <span class='ocrx_word' id='word_1_117' title='bbox 1000 2993 1184 3055; x_wconf 81' lang='lat' dir='ltr'>morantur</span> 
     </span>
     <span class='ocr_line' id='line_1_19' title="bbox 149 3125 1037 3221; baseline -0.003 -18"><span class='ocrx_word' id='word_1_118' title='bbox 149 3129 344 3203; x_wconf 88' lang='lat' dir='ltr'>Flumina:</span> <span class='ocrx_word' id='word_1_119' title='bbox 372 3125 577 3199; x_wconf 87' lang='lat' dir='ltr'>vindictam</span> <span class='ocrx_word' id='word_1_120' title='bbox 594 3125 730 3200; x_wconf 79' lang='lat' dir='ltr'>furiato</span> <span class='ocrx_word' id='word_1_121' title='bbox 749 3138 897 3221; x_wconf 83' lang='lat' dir='ltr'>pectore</span> <span class='ocrx_word' id='word_1_122' title='bbox 915 3125 1037 3200; x_wconf 85' lang='lat' dir='ltr'>victor</span> 
     </span>
     <span class='ocr_line' id='line_1_20' title="bbox 148 3267 1122 3366; baseline -0.005 -18"><span class='ocrx_word' id='word_1_123' title='bbox 148 3271 341 3355; x_wconf 81' lang='lat' dir='ltr'>Exaturat,</span> <span class='ocrx_word' id='word_1_124' title='bbox 360 3289 566 3363; x_wconf 82' lang='lat' dir='ltr'>poenosque</span> <span class='ocrx_word' id='word_1_125' title='bbox 584 3267 738 3343; x_wconf 87' lang='lat' dir='ltr'>inimico</span> <span class='ocrx_word' id='word_1_126' title='bbox 756 3291 777 3341; x_wconf 88' lang='lat' dir='ltr'>e</span> <span class='ocrx_word' id='word_1_127' title='bbox 795 3267 977 3366; x_wconf 83' lang='lat' dir='ltr'>sanguine</span> <span class='ocrx_word' id='word_1_128' title='bbox 991 3269 1122 3343; x_wconf 88' lang='lat' dir='ltr'>sumit.</span> 
     </span>
    </p>
   </div>
   <div class='ocr_carea' id='block_1_3' title="bbox 0 0 1341 4836">
    <p class='ocr_par' dir='ltr' id='par_1_3' title="bbox 0 0 1341 4836">
     <span class='ocr_line' id='line_1_21' title="bbox 0 0 1341 4836; baseline 0 0"><span class='ocrx_word' id='word_1_129' title='bbox 0 0 1341 4836; x_wconf 95' lang='lat' dir='ltr'> </span> 
     </span>
    </p>
   </div>
  </div>
 </body>
</html>
