2670 4836
346 531 483 591 musa
509 531 804 611 arnnnrrsas,
1060 531 1106 599 13

205 772 208 779 '
338 796 609 842 *raccant
624 784 791 841 notasses

343 901 532 947 araretur.

80 999 171 1056 riores.
214 1056 216 1061 ,
946 1027 974 1062 a.
984 1024 1015 1065 a.
1027 1012 1106 1081 usa.

467 1175 715 1202 m

80 1277 343 1361 Panntrmna
361 1283 453 1382 lege,
469 1287 530 1360 vel
546 1288 672 1384 cnlpae
690 1301 748 1363 est
763 1287 921 1387 legisses
947 1288 1073 1364 lutoso

122 1421 161 1497 Si
179 1421 227 1495 de
243 1424 343 1498 sonte
360 1424 476 1513 bibas,
493 1429 725 1502 anteferenda
741 1428 836 1504 sitis.

79 1559 244 1655 Prodest,
260 1577 326 1641 ant
343 1565 510 1643 doctrina
526 1584 636 1645 nocet
653 1599 663 1657 ς
690 1571 803 1645 menti
823 1569 885 1644 illa
903 1568 1083 1644 medelam

123 1703 234 1802 Saepe
250 1729 374 1803 aegrae,
392 1719 431 1781 et
445 1732 547 1784 sanae
566 1709 694 1785 toxica
710 1709 798 1784 ferre
815 1711 924 1785 solet.

78 1840 297 1942 Imprudens
315 1847 422 1922 lectis
439 1847 541 1931 libris
558 1849 694 1923 insanit
712 1849 854 1936 lberus,
1087 1865 1111 1927 6

66 2032 73 2047 ·
91 2050 94 2055 .
126 1985 330 2061 Ridiculus
347 1988 489 2062 miserae
506 1990 718 2064 sedulitatis
733 2014 864 2088 eques.

76 2126 275 2225 Quantum
292 2130 481 2218 stultitiae,
496 2144 758 2228 quantumque
774 2132 905 2206 luroris
921 2131 1096 2228 adoptat:

127 2270 266 2370 Ingerit
282 2273 321 2344 in
338 2271 528 2347 cerebrum
547 2273 659 2367 quim
678 2271 773 2344 mala
790 2272 909 2344 multa
925 2295 1050 2345 snum.

70 2409 160 2489 Cur
174 2412 317 2509 aliquid
335 2411 468 2510 legisti,
485 2425 552 2485 ant
569 2435 645 2487 non
658 2410 845 2508 sapientia
861 2411 978 2502 major
1087 2442 1090 2447 ⁵

128 2552 296 2628 Adfuit?
323 2550 413 2627 An!
445 2552 566 2645 pejus,
585 2551 699 2647 quim
713 2551 890 2627 didicisse
908 2551 1015 2627 nihil.
1073 2562 1117 2628 10

68 2691 232 2769 scilicet
250 2691 405 2766 Arthuri
424 2715 609 2765 aerumnas
627 2693 832 2790 longosque
847 2693 993 2768 dolores

129 2834 296 2927 Quaeris,
317 2848 356 2907 et
374 2833 527 2907 Oriundi
548 2834 701 2907 vulnera
717 2835 809 2908 dura
825 2836 927 2929 pati:

80 2978 167 3052 Nec
183 2978 272 3050 satis
287 2990 346 3049 est
363 2975 480 3073 equiti
502 2975 600 3049 laetis
617 2976 772 3049 victoria
792 2977 948 3071 pennis3

133 3117 248 3193 Adsit
264 3140 386 3203 amon
406 3114 517 3189 Marti
536 3115 586 3187 sit
603 3137 728 3187 comes
744 3116 841 3190 alma
857 3113 1003 3194 Venus.

80 3257 140 3332 Te
155 3257 275 3332 solitis
293 3258 488 3356 perhibent
506 3256 663 3331 flammis
681 3257 809 3332 arsisse
828 3255 1009 3347 lubenter,
1074 3271 1120 3337 15
1202 3342 1216 3361 ‚

34 3468 39 3475 .
135 3399 376 3496 Ductamque
392 3427 413 3473 e
431 3400 587 3473 stabulis
603 3400 802 3496 deperiisse
821 3398 954 3475 Deam.

81 3539 246 3647 Nempe,
264 3552 308 3612 ut
327 3538 559 3638 Pygmalion,
578 3541 649 3614 hoc
667 3564 691 3612 ο
710 3539 790 3626 tibi,
808 3540 953 3630 callide,
973 3540 1081 3642 lingis

134 3678 305 3766 Numen,
322 3693 361 3753 et
379 3681 459 3777 ipse
476 3690 585 3754 tunm
602 3680 725 3778 diligis
743 3693 872 3756 auctor
887 3706 997 3778 opus.
1108 3726 1110 3731 .

84 3819 1122 3924 AstHispanarnagtlmsterilisque,heuiterragigantum

136 3963 257 4039 Nulla
274 3964 413 4062 petenti
430 3965 563 4061 equiti,
581 3963 684 4040 nulla
701 3966 838 4064 pericla
852 3966 966 4043 dabit.
1075 3977 1126 4048 20
