2670 4836
144 497 192 562 24
430 489 564 550 MUSAE
593 482 895 544 Hortenses

552 777 679 847 sonans
701 777 770 820 nsi.

146 927 270 999 Barctay.
1022 928 1050 963 s.
1062 924 1090 965 n.
1104 913 1180 967 174&

537 1082 782 1099 W

537 1101 784 1123 m

147 1242 316 1318 Hosros
337 1253 381 1313 ut
398 1238 558 1320 decoret,
578 1228 706 1307 vendit
724 1229 939 1328 patrimonia
958 1222 1103 1314 Florus,
1122 1216 1127 1277 ἶ

247 1380 377 1477 thue
392 1377 524 1452 oculos
543 1375 659 1471 possit
677 1395 837 1468 pascere,
854 1369 979 1442 fundit
996 1362 1108 1465 opst

148 1522 345 1620 Disposito
361 1520 470 1616 fingit
488 1518 604 1590 varias
622 1515 658 1587 in
678 1513 840 1610 gramine
855 1512 1002 1596 formas,
1102 1534 1105 1540 ·

247 1663 401 1736 Arboris
419 1674 458 1732 et
475 1655 586 1730 docta
602 1653 748 1728 brachia
765 1653 859 1725 falce
876 1664 994 1746 putat.

52 1820 57 1832 ‘
153 1765 469 1905 Pyramis'accisis
486 1800 547 1873 htc
563 1798 681 1901 surgit
701 1798 738 1868 in
757 1799 837 1868 adra
854 1776 1019 1883 remiss
1165 1811 1186 1873 5

253 1946 330 2020 Hic
348 1945 468 2019 fremit
485 1916 635 2015 arboreo
650 1938 794 2012 tonsilis
812 1961 873 2011 ore
892 1939 964 2011 len.

153 2078 345 2164 Frondeus
365 2084 517 2158 Alcides
536 2084 598 2156 hic
615 2081 730 2154 sumit
748 2079 793 2152 ab
810 2047 933 2152 arbore
950 2078 1079 2164 vitam,

251 2227 353 2318 Quae
372 2225 511 2299 tristem
533 2221 629 2294 heroi
652 2220 812 2315 praebuit
830 2217 916 2292 ante
933 2200 1077 2315 rogirtn.

154 2370 286 2446 Planta
303 2368 430 2459 eadem
447 2365 581 2435 crescit
599 2363 698 2433 varia
714 2362 785 2434 sub
801 2361 979 2457 imagine;
1007 2361 1142 2437 Florus

254 2507 291 2581 Si
307 2506 429 2598 jubet,
445 2516 502 2574 est
520 2503 647 2584 heros;
673 2502 703 2573 si
719 2501 841 2593 jubet,
856 2486 936 2575 ¹aies
954 2504 1035 2579 erit.
1150 2514 1193 2583 10

158 2649 329 2724 Floribus
348 2645 555 2718 immoritur
573 2644 813 2719 morientibus
831 2647 910 2742 ipse
926 2678 934 2733 ;
960 2671 1132 2745 rosaeque

258 2789 366 2885 Saepe
383 2786 489 2860 obitu
510 2786 645 2884 pallet;
672 2812 785 2883 saepe,
806 2789 1018 2886 hyacinthe,
1037 2805 1119 2868 tuo,

158 2933 367 3009 Nascentes
380 2930 526 3025 pavitat
543 2953 588 3001 ne
606 2954 695 3025 qnae
713 2927 844 3004 manus
863 2932 975 3026 impia
991 2932 1145 3033 frangat,

260 3080 432 3155 Mordeat
447 3093 513 3152 aut
532 3092 672 3154 teneras
690 3081 817 3155 sortior
834 3106 921 3154 aura
937 3106 1048 3165 rosas.
1158 3156 1163 3168 ,

162 3220 348 3295 Formidat
368 3243 413 3289 ne
431 3218 565 3289 vermis
583 3218 709 3302 humo,
730 3243 812 3292 mus
831 3236 941 3292 exeat
958 3236 1087 3310 annor
1152 3233 1195 3299 15

263 3358 431 3433 Proterat
449 3370 513 3429 aut
531 3356 639 3430 flores
657 3381 703 3429 ne
720 3359 812 3454 pede
829 3360 929 3433 dirus
949 3386 1046 3456 aper.

164 3499 214 3574 Et
230 3500 353 3573 decies
369 3497 453 3580 und,
473 3497 531 3568 vel
548 3496 701 3592 saepius‚
720 3500 852 3594 aspicit
871 3500 971 3588 hora,

262 3636 438 3713 Excubat
456 3652 493 3710 et
511 3639 640 3712 molles
659 3641 809 3739 pervigil
829 3657 914 3715 ante
932 3669 1072 3720 crocos.

165 3771 228 3858 Sin
247 3782 365 3854 forsan
386 3778 491 3851 laxos
506 3782 706 3877 suspendat
724 3806 853 3855 aranea
866 3808 998 3875 casses,
1016 3854 1019 3860 ,

265 3923 356 3999 Esse
372 3935 480 4019 putat
496 3923 607 3998 violis
621 3926 711 4001 retia
729 3940 831 4001 tensa
847 3930 938 4004 suis.
1151 3941 1202 4010 20
