2678 4830
438 551 572 607 MUSAE
596 547 881 606 ETONENSES·
1111 547 1174 610 151

444 812 597 883 nxruriuo
614 840 774 881 counrssn
790 842 881 883 uuor.

148 983 229 1036 Hora.

512 1149 820 1160 ...——--———--

145 1294 381 1374 Cuuorruus
398 1300 447 1372 ob
465 1300 592 1393 pulsos
611 1301 756 1371 coelesti
775 1324 824 1370 ex
843 1322 924 1369 arce
942 1288 1107 1394 gigantas

197 1438 306 1510 Festa
325 1439 596 1532 triumphantes
615 1439 855 1510 constituisse
875 1436 999 1510 Deos:

146 1578 236 1652 Non
255 1594 377 1652 tamen
396 1565 712 1653 aetheriltantlrm
733 1582 881 1651 laetatur
899 1581 936 1650 in
955 1580 1040 1652 aula

201 1720 385 1794 Incolumi
407 1722 587 1814 plaudens
607 1720 712 1792 turba
730 1720 834 1792 beata
853 1719 963 1803 ιῙονὶς

150 1861 320 1936 Externo
335 1861 520 1958 quantum
539 1876 682 1935 servata
697 1862 887 1933 Britannia
905 1886 1000 1958 rege,
1168 1872 1190 1934 5

202 2002 311 2076 More
326 2002 413 2093 licet
431 2007 543 2075 fastos
561 2004 787 2095 simpliciore
805 2004 915 2075 colat.

150 2143 302 2235 Qualis,
320 2143 548 2238 remigioque
567 2165 691 2213 carens
710 2156 747 2212 et
765 2142 918 2213 funibus
936 2141 1034 2230 orba,

204 2285 324 2360 Pinus
344 2286 380 2355 in
402 2286 502 2355 iratis
521 2285 634 2355 fracta
653 2283 790 2356 laborat
808 2285 936 2378 aquis;

152 2425 258 2500 Gens
277 2446 320 2496 ea
339 2424 421 2495 talis
440 2437 527 2508 erat,
546 2447 659 2519 quam
680 2439 735 2512 tu,
755 2424 958 2514 Vilhelme,
974 2426 1158 2500 labantem

204 2567 334 2640 Ausus
353 2592 430 2640 eras
449 2567 568 2639 valida
585 2569 809 2640 sustinuisse
828 2593 953 2642 manu.
1151 2579 1195 2645 10

152 2708 306 2782 Scilicet
324 2708 386 2780 illa
402 2708 465 2780 diu
483 2709 670 2780 crudelem
689 2733 803 2781 exosa
821 2722 1031 2804 tyrannum,

207 2849 484 2946 Indignansque
501 2851 574 2922 ferat
592 2850 768 2945 religione
786 2849 915 2942 premi,

154 2990 346 3064 Vindictae
359 3016 468 3088 grave
485 3004 603 3062 versat
619 3014 715 3082 opus
729 3018 744 3076 ;Β
766 2989 836 3060 sibi
854 2989 976 3082 regius
993 2991 1085 3062 exul

207 3131 395 3225 Praecipiti
416 3132 548 3202 statuit
566 3130 800 3202 cousuluisse
818 3132 916 3226 fugat.

155 3271 257 3344 Talis
277 3272 473 3371 Agyllinos
490 3274 634 3368 fugiens
654 3269 866 3343 Mezentius
884 3295 995 3385 arces,
1151 3283 1193 3346 15

207 3416 314 3507 Quas
333 3418 413 3489 aliis
433 3441 560 3511 poenas
578 3431 775 3503 struxerat,
791 3419 870 3510 ipse
886 3415 994 3489 tulit:
1019 3484 1022 3489 ,

154 3555 190 3628 -T
193 3557 260 3629 alis
277 3556 322 3629 ab
340 3557 495 3630 aetlrerio
516 3559 646 3649 pulsus
663 3558 845 3631 Saturnus
863 3557 1030 3655 Olympo

209 3698 362 3773 Dicitur
380 3700 418 3770 in
438 3698 554 3771 Latiis
573 3699 764 3772 delituisse
776 3700 896 3795 jugis.¹

161 3839 263 3936 Rege
281 3854 401 3911 tamen
418 3839 526 3934 pulso
539 3838 739 3928 jacuerunt
757 3853 911 3933 sceptra,
930 3838 1070 3910 ruentis

208 3977 291 4052 Neo
309 3979 509 4079 quisquam
527 3978 668 4073 imperii
687 3979 776 4051 ferre
795 3977 938 4051 valebat
956 4002 1064 4051 onus,
1145 3986 1193 4051 90
