<?xml version="1.0" encoding="UTF-8"?>
<!DOCTYPE html PUBLIC "-//W3C//DTD XHTML 1.0 Transitional//EN"
    "http://www.w3.org/TR/xhtml1/DTD/xhtml1-transitional.dtd">
<html xmlns="http://www.w3.org/1999/xhtml" xml:lang="en" lang="en">
 <head>
  <title>
</title>
<meta http-equiv="Content-Type" content="text/html;charset=utf-8" />
  <meta name='ocr-system' content='tesseract 3.04.00' />
  <meta name='ocr-capabilities' content='ocr_page ocr_carea ocr_par ocr_line ocrx_word'/>
</head>
<body>
  <div class='ocr_page' id='page_1' title='image "./musetonensesseu00unkngoog_0319.png"; bbox 0 0 2670 4836; ppageno 0'>
   <div class='ocr_carea' id='block_1_1' title="bbox 141 484 890 595">
    <p class='ocr_par' dir='ltr' id='par_1_1' title="bbox 141 484 890 595">
     <span class='ocr_line' id='line_1_1' title="bbox 141 484 890 595; baseline 0 -44"><span class='ocrx_word' id='word_1_1' title='bbox 141 484 216 575; x_wconf 72' lang='lat'>³04</span> <span class='ocrx_word' id='word_1_2' title='bbox 396 587 400 595; x_wconf 91' lang='lat'>.</span> <span class='ocrx_word' id='word_1_3' title='bbox 434 496 569 554; x_wconf 85' lang='lat' dir='ltr'>uusrr</span> <span class='ocrx_word' id='word_1_4' title='bbox 598 494 890 555; x_wconf 67' lang='lat' dir='ltr'>aronensem</span> 
     </span>
    </p>
   </div>
   <div class='ocr_carea' id='block_1_2' title="bbox 116 668 1193 3741">
    <p class='ocr_par' dir='ltr' id='par_1_2' title="bbox 138 668 1182 920">
     <span class='ocr_line' id='line_1_2' title="bbox 139 668 1182 766; baseline -0.004 -21"><span class='ocrx_word' id='word_1_5' title='bbox 139 669 301 766; x_wconf 89' lang='lat' dir='ltr'>Imperio</span> <span class='ocrx_word' id='word_1_6' title='bbox 320 678 434 755; x_wconf 83' lang='lat' dir='ltr'>tenet,</span> <span class='ocrx_word' id='word_1_7' title='bbox 452 682 490 743; x_wconf 89' lang='lat' dir='ltr'>et</span> <span class='ocrx_word' id='word_1_8' title='bbox 506 668 620 743; x_wconf 76' lang='lat' dir='ltr'>ferreo</span> <span class='ocrx_word' id='word_1_9' title='bbox 638 669 720 743; x_wconf 86' lang='lat' dir='ltr'>loca</span> <span class='ocrx_word' id='word_1_10' title='bbox 731 668 887 743; x_wconf 87' lang='lat' dir='ltr'>subdita</span> <span class='ocrx_word' id='word_1_11' title='bbox 902 677 1051 762; x_wconf 88' lang='lat' dir='ltr'>sceptro</span> <span class='ocrx_word' id='word_1_12' title='bbox 1136 668 1182 741; x_wconf 75' lang='lat'>46</span> 
     </span>
     <span class='ocr_line' id='line_1_3' title="bbox 138 808 1067 920; baseline -0.005 -35"><span class='ocrx_word' id='word_1_13' title='bbox 138 811 353 920; x_wconf 54' lang='lat' dir='ltr'>Opprimitj</span> <span class='ocrx_word' id='word_1_14' title='bbox 380 811 583 895; x_wconf 86' lang='lat' dir='ltr'>en,n1oesti</span> <span class='ocrx_word' id='word_1_15' title='bbox 601 809 743 904; x_wconf 87' lang='lat' dir='ltr'>stipant</span> <span class='ocrx_word' id='word_1_16' title='bbox 761 808 933 906; x_wconf 84' lang='lat' dir='ltr'>praetoria</span> <span class='ocrx_word' id='word_1_17' title='bbox 950 831 1067 905; x_wconf 86' lang='lat' dir='ltr'>reges,</span> 
     </span>
    </p>

    <p class='ocr_par' dir='ltr' id='par_1_3' title="bbox 116 953 1193 3741">
     <span class='ocr_line' id='line_1_4' title="bbox 116 953 1140 1053; baseline 0.001 -23"><span class='ocrx_word' id='word_1_18' title='bbox 116 986 120 995; x_wconf 68' lang='lat'><strong><em>¹</em></strong></span> <span class='ocrx_word' id='word_1_19' title='bbox 140 954 384 1049; x_wconf 83' lang='lat' dir='ltr'>Libertasque</span> <span class='ocrx_word' id='word_1_20' title='bbox 399 977 527 1051; x_wconf 87' lang='lat' dir='ltr'>graves</span> <span class='ocrx_word' id='word_1_21' title='bbox 543 954 658 1051; x_wconf 87' lang='lat' dir='ltr'>gemit</span> <span class='ocrx_word' id='word_1_22' title='bbox 673 953 863 1053; x_wconf 87' lang='lat' dir='ltr'>indignata</span> <span class='ocrx_word' id='word_1_23' title='bbox 879 964 1043 1026; x_wconf 85' lang='lat' dir='ltr'>catenas.</span> <span class='ocrx_word' id='word_1_24' title='bbox 1134 1026 1140 1031; x_wconf 82' lang='lat'>.</span> 
     </span>
     <span class='ocr_line' id='line_1_5' title="bbox 139 1095 1089 1196; baseline -0.009 -22"><span class='ocrx_word' id='word_1_25' title='bbox 139 1098 299 1196; x_wconf 89' lang='lat' dir='ltr'>Porrigit</span> <span class='ocrx_word' id='word_1_26' title='bbox 316 1097 405 1171; x_wconf 92' lang='lat' dir='ltr'>hinc</span> <span class='ocrx_word' id='word_1_27' title='bbox 421 1097 579 1195; x_wconf 85' lang='lat' dir='ltr'>gelidam</span> <span class='ocrx_word' id='word_1_28' title='bbox 596 1096 721 1173; x_wconf 87' lang='lat' dir='ltr'>sedern</span> <span class='ocrx_word' id='word_1_29' title='bbox 736 1111 775 1170; x_wconf 90' lang='lat' dir='ltr'>et</span> <span class='ocrx_word' id='word_1_30' title='bbox 791 1095 960 1193; x_wconf 82' lang='lat' dir='ltr'><strong>frigentia</strong></span> <span class='ocrx_word' id='word_1_31' title='bbox 976 1117 1089 1193; x_wconf 84' lang='lat' dir='ltr'>regna</span> 
     </span>
     <span class='ocr_line' id='line_1_6' title="bbox 137 1237 1190 1346; baseline -0.005 -33"><span class='ocrx_word' id='word_1_32' title='bbox 137 1237 318 1346; x_wconf 87' lang='lat' dir='ltr'>Saturnus</span> <span class='ocrx_word' id='word_1_33' title='bbox 337 1239 452 1338; x_wconf 86' lang='lat' dir='ltr'>piger,</span> <span class='ocrx_word' id='word_1_34' title='bbox 470 1254 508 1312; x_wconf 90' lang='lat' dir='ltr'>et</span> <span class='ocrx_word' id='word_1_35' title='bbox 525 1251 630 1313; x_wconf 86' lang='lat' dir='ltr'>vasto</span> <span class='ocrx_word' id='word_1_36' title='bbox 648 1261 713 1334; x_wconf 89' lang='lat' dir='ltr'>per</span> <span class='ocrx_word' id='word_1_37' title='bbox 731 1237 841 1310; x_wconf 87' lang='lat' dir='ltr'>inane</span> <span class='ocrx_word' id='word_1_38' title='bbox 853 1248 974 1311; x_wconf 86' lang='lat' dir='ltr'>rotatu</span> <span class='ocrx_word' id='word_1_39' title='bbox 1138 1243 1190 1329; x_wconf 58' lang='lat' dir='ltr'>ou</span> 
     </span>
     <span class='ocr_line' id='line_1_7' title="bbox 137 1375 1184 1475; baseline -0.002 -25"><span class='ocrx_word' id='word_1_40' title='bbox 137 1375 330 1463; x_wconf 86' lang='lat' dir='ltr'>Volvitur;</span> <span class='ocrx_word' id='word_1_41' title='bbox 344 1376 434 1451; x_wconf 85' lang='lat' dir='ltr'>huic</span> <span class='ocrx_word' id='word_1_42' title='bbox 444 1377 746 1475; x_wconf 85' lang='lat' dir='ltr'>tenebrasquinae</span> <span class='ocrx_word' id='word_1_43' title='bbox 757 1376 1184 1474; x_wconf 71' lang='lat' dir='ltr'>circumundiquelunae</span> 
     </span>
     <span class='ocr_line' id='line_1_8' title="bbox 138 1519 1174 1617; baseline -0.01 -22"><span class='ocrx_word' id='word_1_44' title='bbox 138 1519 377 1608; x_wconf 86' lang='lat' dir='ltr'>Discutiunt,</span> <span class='ocrx_word' id='word_1_45' title='bbox 396 1520 597 1616; x_wconf 86' lang='lat' dir='ltr'>funditque</span> <span class='ocrx_word' id='word_1_46' title='bbox 613 1520 793 1616; x_wconf 87' lang='lat' dir='ltr'>benignos</span> <span class='ocrx_word' id='word_1_47' title='bbox 808 1519 970 1594; x_wconf 90' lang='lat' dir='ltr'>annulus</span> <span class='ocrx_word' id='word_1_48' title='bbox 985 1519 1106 1617; x_wconf 84' lang='lat' dir='ltr'>ignes.</span> <span class='ocrx_word' id='word_1_49' title='bbox 1169 1570 1174 1585; x_wconf 37' lang='lat' dir='ltr'>r</span> 
     </span>
     <span class='ocr_line' id='line_1_9' title="bbox 138 1661 1072 1760; baseline -0.003 -24"><span class='ocrx_word' id='word_1_50' title='bbox 138 1661 291 1759; x_wconf 80' lang='lat' dir='ltr'>Semper</span> <span class='ocrx_word' id='word_1_51' title='bbox 308 1662 440 1747; x_wconf 88' lang='lat' dir='ltr'>hiems,</span> <span class='ocrx_word' id='word_1_52' title='bbox 459 1686 605 1758; x_wconf 86' lang='lat' dir='ltr'><strong>semper</strong></span> <span class='ocrx_word' id='word_1_53' title='bbox 620 1661 800 1758; x_wconf 83' lang='lat' dir='ltr'>spirantes</span> <span class='ocrx_word' id='word_1_54' title='bbox 818 1661 949 1760; x_wconf 83' lang='lat' dir='ltr'>frigora</span> <span class='ocrx_word' id='word_1_55' title='bbox 968 1661 1072 1734; x_wconf 84' lang='lat' dir='ltr'>venti</span> 
     </span>
     <span class='ocr_line' id='line_1_10' title="bbox 138 1800 1188 1897; baseline -0.004 -20"><span class='ocrx_word' id='word_1_56' title='bbox 138 1801 314 1888; x_wconf 81' lang='lat' dir='ltr'>Vexent3</span> <span class='ocrx_word' id='word_1_57' title='bbox 343 1801 441 1877; x_wconf 90' lang='lat' dir='ltr'>haud</span> <span class='ocrx_word' id='word_1_58' title='bbox 460 1801 567 1875; x_wconf 88' lang='lat' dir='ltr'>viridi</span> <span class='ocrx_word' id='word_1_59' title='bbox 586 1802 760 1897; x_wconf 83' lang='lat' dir='ltr'>soliorum</span> <span class='ocrx_word' id='word_1_60' title='bbox 776 1802 960 1876; x_wconf 81' lang='lat' dir='ltr'>exuberat</span> <span class='ocrx_word' id='word_1_61' title='bbox 976 1800 1124 1888; x_wconf 76' lang='lat' dir='ltr'>umbra,</span> <span class='ocrx_word' id='word_1_62' title='bbox 1182 1843 1188 1873; x_wconf 87' lang='lat' dir='ltr'>t</span> 
     </span>
     <span class='ocr_line' id='line_1_11' title="bbox 140 1943 1184 2041; baseline -0.001 -21"><span class='ocrx_word' id='word_1_63' title='bbox 140 1943 224 2020; x_wconf 86' lang='lat' dir='ltr'>Aut</span> <span class='ocrx_word' id='word_1_64' title='bbox 241 1944 375 2041; x_wconf 87' lang='lat' dir='ltr'>passim</span> <span class='ocrx_word' id='word_1_65' title='bbox 394 1944 488 2017; x_wconf 89' lang='lat' dir='ltr'>viret</span> <span class='ocrx_word' id='word_1_66' title='bbox 505 1972 514 2029; x_wconf 90' lang='lat'>;</span> <span class='ocrx_word' id='word_1_67' title='bbox 540 1956 577 2016; x_wconf 86' lang='lat' dir='ltr'>at</span> <span class='ocrx_word' id='word_1_68' title='bbox 592 1943 711 2041; x_wconf 84' lang='lat' dir='ltr'>glacie</span> <span class='ocrx_word' id='word_1_69' title='bbox 728 1944 819 2040; x_wconf 87' lang='lat' dir='ltr'>riget</span> <span class='ocrx_word' id='word_1_70' title='bbox 838 1943 984 2017; x_wconf 89' lang='lat' dir='ltr'>horrida</span> <span class='ocrx_word' id='word_1_71' title='bbox 1001 1943 1114 2032; x_wconf 79' lang='lat' dir='ltr'>silva,</span> <span class='ocrx_word' id='word_1_72' title='bbox 1137 1956 1184 2019; x_wconf 75' lang='lat'>55</span> 
     </span>
     <span class='ocr_line' id='line_1_12' title="bbox 139 2058 1190 2185; baseline 0.001 -23"><span class='ocrx_word' id='word_1_73' title='bbox 139 2068 300 2185; x_wconf 72' lang='lat' dir='ltr'>Nisique</span> <span class='ocrx_word' id='word_1_74' title='bbox 313 2086 416 2179; x_wconf 89' lang='lat' dir='ltr'>jacet</span> <span class='ocrx_word' id='word_1_75' title='bbox 434 2085 520 2173; x_wconf 73' lang='lat' dir='ltr'>late,</span> <span class='ocrx_word' id='word_1_76' title='bbox 539 2097 770 2182; x_wconf 88' lang='lat' dir='ltr'>centumque</span> <span class='ocrx_word' id='word_1_77' title='bbox 786 2058 945 2182; x_wconf 75' lang='lat' dir='ltr'>assurgit</span> <span class='ocrx_word' id='word_1_78' title='bbox 962 2086 1003 2159; x_wconf 92' lang='lat' dir='ltr'>in</span> <span class='ocrx_word' id='word_1_79' title='bbox 1021 2087 1190 2175; x_wconf 69' lang='lat' dir='ltr'>ulnaers·</span> 
     </span>
     <span class='ocr_line' id='line_1_13' title="bbox 139 2225 1142 2324; baseline -0.004 -21"><span class='ocrx_word' id='word_1_80' title='bbox 139 2226 308 2303; x_wconf 88' lang='lat' dir='ltr'>Saevitiae</span> <span class='ocrx_word' id='word_1_81' title='bbox 326 2226 416 2301; x_wconf 90' lang='lat' dir='ltr'>coeli</span> <span class='ocrx_word' id='word_1_82' title='bbox 433 2225 645 2324; x_wconf 81' lang='lat' dir='ltr'>gelidoeque</span> <span class='ocrx_word' id='word_1_83' title='bbox 662 2227 904 2303; x_wconf 90' lang='lat' dir='ltr'>accommoda</span> <span class='ocrx_word' id='word_1_84' title='bbox 921 2241 1029 2305; x_wconf 75' lang='lat' dir='ltr'>terrm</span> <span class='ocrx_word' id='word_1_85' title='bbox 1052 2280 1057 2285; x_wconf 92' lang='lat'><em>-</em></span> <span class='ocrx_word' id='word_1_86' title='bbox 1139 2286 1142 2299; x_wconf 94' lang='lat'><em>.</em></span> 
     </span>
     <span class='ocr_line' id='line_1_14' title="bbox 140 2368 1193 2473; baseline 0.002 -27"><span class='ocrx_word' id='word_1_87' title='bbox 140 2370 336 2468; x_wconf 83' lang='lat' dir='ltr'>Languida</span> <span class='ocrx_word' id='word_1_88' title='bbox 352 2393 444 2468; x_wconf 89' lang='lat' dir='ltr'>gens</span> <span class='ocrx_word' id='word_1_89' title='bbox 459 2382 597 2463; x_wconf 89' lang='lat' dir='ltr'>torpet;</span> <span class='ocrx_word' id='word_1_90' title='bbox 626 2392 700 2443; x_wconf 91' lang='lat' dir='ltr'>non</span> <span class='ocrx_word' id='word_1_91' title='bbox 715 2368 865 2466; x_wconf 87' lang='lat' dir='ltr'>Jupiter</span> <span class='ocrx_word' id='word_1_92' title='bbox 877 2370 1070 2466; x_wconf 88' lang='lat' dir='ltr'>improbus</span> <span class='ocrx_word' id='word_1_93' title='bbox 1085 2384 1193 2473; x_wconf 68' lang='lat' dir='ltr'>urget</span> 
     </span>
     <span class='ocr_line' id='line_1_15' title="bbox 140 2509 1143 2611; baseline 0.003 -24"><span class='ocrx_word' id='word_1_94' title='bbox 140 2510 372 2587; x_wconf 84' lang='lat' dir='ltr'>Ambitionis</span> <span class='ocrx_word' id='word_1_95' title='bbox 390 2535 510 2606; x_wconf 88' lang='lat' dir='ltr'>opus;</span> <span class='ocrx_word' id='word_1_96' title='bbox 538 2534 612 2583; x_wconf 91' lang='lat' dir='ltr'>non</span> <span class='ocrx_word' id='word_1_97' title='bbox 632 2509 734 2584; x_wconf 86' lang='lat' dir='ltr'>Mars</span> <span class='ocrx_word' id='word_1_98' title='bbox 751 2513 934 2587; x_wconf 78' lang='lat' dir='ltr'>crudeiior</span> <span class='ocrx_word' id='word_1_99' title='bbox 952 2536 1086 2611; x_wconf 73' lang='lat' dir='ltr'>{equos</span> <span class='ocrx_word' id='word_1_100' title='bbox 1138 2568 1143 2603; x_wconf 59' lang='lat'>2</span> 
     </span>
     <span class='ocr_line' id='line_1_16' title="bbox 140 2650 1189 2748; baseline 0.004 -21"><span class='ocrx_word' id='word_1_101' title='bbox 140 2651 299 2748; x_wconf 87' lang='lat' dir='ltr'>Asperat</span> <span class='ocrx_word' id='word_1_102' title='bbox 317 2651 355 2722; x_wconf 92' lang='lat' dir='ltr'>in</span> <span class='ocrx_word' id='word_1_103' title='bbox 374 2673 531 2747; x_wconf 86' lang='lat' dir='ltr'>pugnas,</span> <span class='ocrx_word' id='word_1_104' title='bbox 549 2664 615 2723; x_wconf 93' lang='lat' dir='ltr'>aut</span> <span class='ocrx_word' id='word_1_105' title='bbox 632 2650 707 2724; x_wconf 88' lang='lat' dir='ltr'>viri</span> <span class='ocrx_word' id='word_1_106' title='bbox 729 2652 910 2728; x_wconf 83' lang='lat' dir='ltr'>industria</span> <span class='ocrx_word' id='word_1_107' title='bbox 927 2653 1047 2731; x_wconf 87' lang='lat' dir='ltr'>vincit</span> <span class='ocrx_word' id='word_1_108' title='bbox 1140 2657 1189 2731; x_wconf 73' lang='lat'>60</span> 
     </span>
     <span class='ocr_line' id='line_1_17' title="bbox 141 2779 1149 2892; baseline 0.01 -25"><span class='ocrx_word' id='word_1_109' title='bbox 141 2779 320 2875; x_wconf 75' lang='lat' dir='ltr'>Mercurii</span> <span class='ocrx_word' id='word_1_110' title='bbox 338 2823 347 2879; x_wconf 89' lang='lat'><strong>;</strong></span> <span class='ocrx_word' id='word_1_111' title='bbox 375 2791 474 2866; x_wconf 90' lang='lat' dir='ltr'>haud</span> <span class='ocrx_word' id='word_1_112' title='bbox 494 2791 657 2888; x_wconf 88' lang='lat' dir='ltr'>placidas</span> <span class='ocrx_word' id='word_1_113' title='bbox 675 2792 752 2865; x_wconf 87' lang='lat' dir='ltr'>illic</span> <span class='ocrx_word' id='word_1_114' title='bbox 770 2791 958 2892; x_wconf 84' lang='lat' dir='ltr'>Cytherea</span> <span class='ocrx_word' id='word_1_115' title='bbox 974 2810 1149 2877; x_wconf 70' lang='lat' dir='ltr'>catenati</span> 
     </span>
     <span class='ocr_line' id='line_1_18' title="bbox 139 2932 1192 3034; baseline -0.001 -22"><span class='ocrx_word' id='word_1_116' title='bbox 139 2935 304 3012; x_wconf 89' lang='lat' dir='ltr'>Innectit</span> <span class='ocrx_word' id='word_1_117' title='bbox 324 2932 412 3021; x_wconf 76' lang='lat' dir='ltr'>late,</span> <span class='ocrx_word' id='word_1_118' title='bbox 429 2945 495 3006; x_wconf 92' lang='lat' dir='ltr'>aut</span> <span class='ocrx_word' id='word_1_119' title='bbox 511 2933 692 3031; x_wconf 87' lang='lat' dir='ltr'>genialem</span> <span class='ocrx_word' id='word_1_120' title='bbox 711 2934 868 3009; x_wconf 81' lang='lat' dir='ltr'>suscitat</span> <span class='ocrx_word' id='word_1_121' title='bbox 887 2935 1026 3034; x_wconf 86' lang='lat' dir='ltr'>ignem.</span> <span class='ocrx_word' id='word_1_122' title='bbox 1163 2988 1192 3021; x_wconf 79' lang='grc'>..</span> 
     </span>
     <span class='ocr_line' id='line_1_19' title="bbox 141 3075 1099 3172; baseline -0.005 -18"><span class='ocrx_word' id='word_1_123' title='bbox 141 3078 197 3154; x_wconf 83' lang='lat' dir='ltr'>At</span> <span class='ocrx_word' id='word_1_124' title='bbox 216 3091 323 3152; x_wconf 81' lang='lat' dir='ltr'>terrae</span> <span class='ocrx_word' id='word_1_125' title='bbox 340 3076 463 3150; x_wconf 89' lang='lat' dir='ltr'>caveis</span> <span class='ocrx_word' id='word_1_126' title='bbox 481 3099 684 3172; x_wconf 73' lang='lat' dir='ltr'>exesosque</span> <span class='ocrx_word' id='word_1_127' title='bbox 701 3075 839 3149; x_wconf 89' lang='lat' dir='ltr'>arboris</span> <span class='ocrx_word' id='word_1_128' title='bbox 856 3089 961 3153; x_wconf 79' lang='lat' dir='ltr'>antro</span> <span class='ocrx_word' id='word_1_129' title='bbox 1096 3142 1099 3149; x_wconf 90' lang='lat'>.</span> 
     </span>
     <span class='ocr_line' id='line_1_20' title="bbox 139 3217 1183 3319; baseline 0.001 -23"><span class='ocrx_word' id='word_1_130' title='bbox 139 3218 307 3317; x_wconf 85' lang='lat' dir='ltr'>Tempus</span> <span class='ocrx_word' id='word_1_131' title='bbox 324 3231 440 3319; x_wconf 85' lang='lat' dir='ltr'>agunt</span> <span class='ocrx_word' id='word_1_132' title='bbox 459 3246 468 3304; x_wconf 91' lang='lat'>;</span> <span class='ocrx_word' id='word_1_133' title='bbox 494 3217 568 3315; x_wconf 72' lang='lat' dir='ltr'>qua</span> <span class='ocrx_word' id='word_1_134' title='bbox 585 3217 700 3315; x_wconf 89' lang='lat' dir='ltr'>serpit</span> <span class='ocrx_word' id='word_1_135' title='bbox 718 3217 827 3293; x_wconf 88' lang='lat' dir='ltr'>inerti</span> <span class='ocrx_word' id='word_1_136' title='bbox 842 3242 1032 3296; x_wconf 88' lang='lat' dir='ltr'>murmure</span> <span class='ocrx_word' id='word_1_137' title='bbox 1047 3223 1183 3315; x_wconf 63' lang='lat' dir='ltr'>rivum</span> 
     </span>
     <span class='ocr_line' id='line_1_21' title="bbox 141 3357 1178 3460; baseline 0.002 -24"><span class='ocrx_word' id='word_1_138' title='bbox 141 3360 369 3460; x_wconf 88' lang='lat' dir='ltr'>Longosque</span> <span class='ocrx_word' id='word_1_139' title='bbox 386 3359 573 3433; x_wconf 88' lang='lat' dir='ltr'>inducunt</span> <span class='ocrx_word' id='word_1_140' title='bbox 592 3358 733 3453; x_wconf 88' lang='lat' dir='ltr'>irrupta</span> <span class='ocrx_word' id='word_1_141' title='bbox 750 3357 898 3432; x_wconf 86' lang='lat' dir='ltr'>silentia</span> <span class='ocrx_word' id='word_1_142' title='bbox 915 3383 1084 3437; x_wconf 87' lang='lat' dir='ltr'>somnos.</span> <span class='ocrx_word' id='word_1_143' title='bbox 1136 3363 1178 3445; x_wconf 72' lang='grc' dir='ltr'>βό</span> 
     </span>
     <span class='ocr_line' id='line_1_22' title="bbox 140 3498 1179 3603; baseline -0.001 -24"><span class='ocrx_word' id='word_1_144' title='bbox 140 3504 229 3580; x_wconf 91' lang='lat' dir='ltr'>Non</span> <span class='ocrx_word' id='word_1_145' title='bbox 249 3502 437 3599; x_wconf 87' lang='lat' dir='ltr'>trepidum</span> <span class='ocrx_word' id='word_1_146' title='bbox 455 3524 520 3575; x_wconf 85' lang='lat' dir='ltr'>rex</span> <span class='ocrx_word' id='word_1_147' title='bbox 539 3498 664 3573; x_wconf 89' lang='lat' dir='ltr'>martis</span> <span class='ocrx_word' id='word_1_148' title='bbox 682 3522 792 3595; x_wconf 89' lang='lat' dir='ltr'>opus,</span> <span class='ocrx_word' id='word_1_149' title='bbox 811 3523 884 3573; x_wconf 90' lang='lat' dir='ltr'>non</span> <span class='ocrx_word' id='word_1_150' title='bbox 896 3499 985 3593; x_wconf 89' lang='lat' dir='ltr'>jura</span> <span class='ocrx_word' id='word_1_151' title='bbox 1002 3499 1120 3579; x_wconf 73' lang='lat' dir='ltr'>beari·</span> <span class='ocrx_word' id='word_1_152' title='bbox 1137 3570 1153 3603; x_wconf 36' lang='grc' dir='ltr'>ι.</span> <span class='ocrx_word' id='word_1_153' title='bbox 1174 3550 1179 3567; x_wconf 82' lang='lat'><strong>·</strong></span> 
     </span>
     <span class='ocr_line' id='line_1_23' title="bbox 139 3639 970 3741; baseline -0.008 -19"><span class='ocrx_word' id='word_1_154' title='bbox 139 3645 302 3722; x_wconf 88' lang='lat' dir='ltr'>Molitur</span> <span class='ocrx_word' id='word_1_155' title='bbox 318 3642 492 3741; x_wconf 89' lang='lat' dir='ltr'>populis;</span> <span class='ocrx_word' id='word_1_156' title='bbox 517 3641 581 3714; x_wconf 92' lang='lat' dir='ltr'>sed</span> <span class='ocrx_word' id='word_1_157' title='bbox 597 3664 715 3738; x_wconf 89' lang='lat' dir='ltr'>opaco</span> <span class='ocrx_word' id='word_1_158' title='bbox 731 3639 847 3715; x_wconf 88' lang='lat' dir='ltr'>tutior</span> <span class='ocrx_word' id='word_1_159' title='bbox 864 3655 970 3721; x_wconf 85' lang='lat' dir='ltr'>antro</span> 
     </span>
    </p>
   </div>
   <div class='ocr_carea' id='block_1_3' title="bbox 1 3780 1100 3908">
    <p class='ocr_par' dir='ltr' id='par_1_4' title="bbox 1 3780 1180 3908">
     <span class='ocr_line' id='line_1_24' title="bbox 1 3780 1100 3908; baseline 0.034 -105"><span class='ocrx_word' id='word_1_160' title='bbox 1 3796 3 3803; x_wconf 91' lang='lat'><em>.</em></span> <span class='ocrx_word' id='word_1_161' title='bbox 139 3786 292 3881; x_wconf 88' lang='lat' dir='ltr'>Semper</span> <span class='ocrx_word' id='word_1_162' title='bbox 307 3785 428 3858; x_wconf 89' lang='lat' dir='ltr'>stertit</span> <span class='ocrx_word' id='word_1_163' title='bbox 445 3783 554 3867; x_wconf 87' lang='lat' dir='ltr'>iners,</span> <span class='ocrx_word' id='word_1_164' title='bbox 573 3794 611 3855; x_wconf 91' lang='lat' dir='ltr'>et</span> <span class='ocrx_word' id='word_1_165' title='bbox 627 3805 760 3908; x_wconf 75' lang='lat' dir='ltr'>somno</span> <span class='ocrx_word' id='word_1_166' title='bbox 778 3780 957 3877; x_wconf 86' lang='lat' dir='ltr'>protrahit</span> <span class='ocrx_word' id='word_1_167' title='bbox 975 3781 1100 3875; x_wconf 69' lang='lat' dir='ltr'>hom,</span> 
     </span>
    </p>
   </div>
   <div class='ocr_carea' id='block_1_4' title="bbox 139 3922 1137 4013">
    <p class='ocr_par' dir='ltr' id='par_1_5' title="bbox 139 3922 1137 4013">
     <span class='ocr_line' id='line_1_25' title="bbox 139 3922 1137 4013; baseline -0.016 -7"><span class='ocrx_word' id='word_1_168' title='bbox 139 3930 222 4005; x_wconf 90' lang='lat' dir='ltr'>Nec</span> <span class='ocrx_word' id='word_1_169' title='bbox 239 3927 323 4005; x_wconf 85' lang='lat' dir='ltr'>visu</span> <span class='ocrx_word' id='word_1_170' title='bbox 341 3926 472 4013; x_wconf 86' lang='lat' dir='ltr'>facilis,</span> <span class='ocrx_word' id='word_1_171' title='bbox 490 3949 559 3999; x_wconf 88' lang='lat' dir='ltr'>nec</span> <span class='ocrx_word' id='word_1_172' title='bbox 576 3924 680 4000; x_wconf 89' lang='lat' dir='ltr'>dictu</span> <span class='ocrx_word' id='word_1_173' title='bbox 700 3922 858 3999; x_wconf 85' lang='lat' dir='ltr'>affabilis</span> <span class='ocrx_word' id='word_1_174' title='bbox 877 3922 958 4001; x_wconf 85' lang='lat' dir='ltr'>ulli.</span> <span class='ocrx_word' id='word_1_175' title='bbox 1078 4002 1081 4007; x_wconf 47' lang='grc'><strong>,</strong></span> <span class='ocrx_word' id='word_1_176' title='bbox 1132 3966 1137 4009; x_wconf 86' lang='lat'>;</span> 
     </span>
    </p>
   </div>
   <div class='ocr_carea' id='block_1_5' title="bbox 0 0 1340 4836">
    <p class='ocr_par' dir='ltr' id='par_1_6' title="bbox 0 0 1340 4836">
     <span class='ocr_line' id='line_1_26' title="bbox 0 0 1340 4836; baseline 0 0"><span class='ocrx_word' id='word_1_177' title='bbox 0 0 1340 4836; x_wconf 95' lang='lat' dir='ltr'> </span> 
     </span>
    </p>
   </div>
  </div>
 </body>
</html>
