2670 4836
396 542 525 601 MUSAE
558 546 844 604 ETONENSES.
1065 535 1133 597 951

402 800 502 870 Κακόν
516 799 706 899 peripsema
718 799 829 899 ἐρίζειν.

101 1282 301 1358 thmus
320 1297 362 1356 ut
377 1299 477 1358 certo
494 1286 664 1359 labantur
681 1286 798 1358 sidera
816 1300 920 1359 motu
938 1316 947 1370 ;

152 1426 207 1500 Ut
223 1443 389 1522 repetant
403 1430 524 1519 justas
543 1431 708 1524 lunaque
724 1428 856 1524 solque
875 1432 974 1503 vices
990 1458 1000 1513 ;

103 1569 156 1643 Ut
174 1571 324 1666 zephyri
344 1570 493 1642 eliciant
511 1595 623 1643 verno
640 1571 684 1642 de
702 1570 838 1643 cortice
854 1594 1017 1665 gemmas
1033 1600 1042 1655 ;

156 1711 207 1785 Ut
226 1715 354 1786 viduet
372 1714 469 1786 foliis
488 1738 614 1808 aspera
630 1715 758 1787 bruma
777 1739 906 1786 nemus
923 1743 933 1797 ;

104 1855 217 1931 Aeris
236 1870 278 1929 ut
295 1880 458 1950 campos,
478 1872 651 1930 terrarum
669 1872 711 1931 ut
728 1882 835 1953 regna
854 1858 1007 1931 Creator
1119 1870 1142 1931 ό

156 1995 343 2070 Clauserit
361 1996 482 2068 effuso
500 1998 698 2069 dissociata
715 1999 802 2070 mari
820 2028 829 2079 ;

110 2138 283 2212 Vidimus
300 2167 309 2223 ς
336 2152 391 2209 ast
409 2137 530 2209 audax
551 2138 700 2232 Epicuri
720 2152 833 2233 atque
852 2140 965 2231 impia
983 2138 1101 2231 proles

154 2278 324 2353 Sustinet
343 2279 378 2348 in
399 2301 548 2373 magnos
565 2279 685 2349 dicere
703 2277 810 2350 verba
829 2276 945 2351 Deos.

107 2421 192 2495 Flet
208 2417 365 2491 nimium
381 2420 538 2491 fecunda
559 2443 698 2513 parens,
715 2420 750 2491 in
771 2419 894 2491 flebile
910 2444 1043 2492 saxum

159 2560 285 2651 Quam
301 2563 420 2657 gravis
440 2563 602 2634 incensae
622 2563 771 2634 verterit
788 2563 838 2634 ira
859 2561 974 2634 Deae:
1101 2572 1145 2634 10

110 2703 277 2778 Penthea
289 2703 517 2797 supplicium
530 2719 669 2776 manet:
686 2703 785 2774 haud
797 2704 949 2797 impune
963 2703 1145 2777 Minervae

160 2843 349 2918 Tractavit
368 2859 498 2917 tenues
518 2846 654 2917 aemula
673 2846 838 2939 nympha
855 2848 981 2918 colos:

111 2986 271 3059 Inarime
289 2985 395 3057 Jovis
414 2986 576 3079 imperiis
596 2987 754 3078 imposta
772 2986 947 3082 Typlroeo

163 3126 284 3221 Impia
301 3133 474 3223 congesta
493 3150 642 3221 corpora
659 3125 757 3198 mole
775 3128 920 3218 premit.

113 3271 173 3345 lte
191 3272 290 3342 leves
309 3272 433 3357 animi,
453 3294 547 3363 quos
566 3292 659 3341 vana
676 3282 713 3339 et
730 3267 817 3339 ficta
834 3281 983 3340 secutos
1108 3278 1149 3339 15

163 3411 306 3485 Nullus
327 3413 435 3484 habet
455 3437 551 3483 verae
569 3409 754 3506 religionis
774 3409 903 3481 honos.

115 3552 184 3626 Est
202 3550 332 3636 Deus;
362 3554 494 3624 iratum
513 3574 634 3644 neque
651 3549 766 3622 sontis
785 3550 935 3622 victima
953 3549 1117 3635 Numen,

170 3690 247 3765 Ara
263 3717 331 3764 nec
352 3696 531 3763 instantes
550 3690 676 3762 flectet
694 3703 826 3759 onusta
847 3690 976 3762 minas

118 3834 237 3907 Hunc
255 3847 378 3906 tamen
398 3832 495 3904 haud
514 3832 644 3904 frustra
661 3830 797 3922 pietate
816 3831 969 3927 insignis
986 3830 1122 3912 adorat,

168 3971 250 4045 Sint
267 3972 347 4043 siue
366 3984 447 4043 ture
464 3994 550 4057 arae,
568 3969 642 4042 sint
659 3967 740 4039 sine
757 3966 842 4040 luce
859 3970 943 4041 loci.
1109 3976 1157 4041 90
