<?xml version="1.0" encoding="UTF-8"?>
<!DOCTYPE html PUBLIC "-//W3C//DTD XHTML 1.0 Transitional//EN"
    "http://www.w3.org/TR/xhtml1/DTD/xhtml1-transitional.dtd">
<html xmlns="http://www.w3.org/1999/xhtml" xml:lang="en" lang="en">
 <head>
  <title>
</title>
<meta http-equiv="Content-Type" content="text/html;charset=utf-8" />
  <meta name='ocr-system' content='tesseract 3.04.00' />
  <meta name='ocr-capabilities' content='ocr_page ocr_carea ocr_par ocr_line ocrx_word'/>
</head>
<body>
  <div class='ocr_page' id='page_1' title='image "./musetonensesseu00unkngoog_0167.png"; bbox 0 0 2678 4830; ppageno 0'>
   <div class='ocr_carea' id='block_1_1' title="bbox 171 582 895 653">
    <p class='ocr_par' dir='ltr' id='par_1_1' title="bbox 171 582 895 653">
     <span class='ocr_line' id='line_1_1' title="bbox 171 582 895 653; baseline 0.006 -7"><span class='ocrx_word' id='word_1_1' title='bbox 171 582 237 646; x_wconf 76' lang='lat'>148</span> <span class='ocrx_word' id='word_1_2' title='bbox 443 596 575 653; x_wconf 78' lang='lat' dir='ltr'>MUSAE</span> <span class='ocrx_word' id='word_1_3' title='bbox 607 595 895 653; x_wconf 75' lang='lat' dir='ltr'><strong>ETONENSES.</strong></span> 
     </span>
    </p>
   </div>
   <div class='ocr_carea' id='block_1_2' title="bbox 164 787 1121 887">
    <p class='ocr_par' dir='ltr' id='par_1_2' title="bbox 164 787 1121 887">
     <span class='ocr_line' id='line_1_2' title="bbox 164 787 1121 887; baseline -0.005 -20"><span class='ocrx_word' id='word_1_4' title='bbox 164 789 315 867; x_wconf 78' lang='lat' dir='ltr'>Scilicet</span> <span class='ocrx_word' id='word_1_5' title='bbox 334 791 536 865; x_wconf 90' lang='lat' dir='ltr'>humanum</span> <span class='ocrx_word' id='word_1_6' title='bbox 556 817 690 887; x_wconf 88' lang='lat' dir='ltr'>corpus</span> <span class='ocrx_word' id='word_1_7' title='bbox 709 794 807 864; x_wconf 89' lang='lat' dir='ltr'>fovet</span> <span class='ocrx_word' id='word_1_8' title='bbox 826 816 910 864; x_wconf 86' lang='lat' dir='ltr'>aura</span> <span class='ocrx_word' id='word_1_9' title='bbox 931 787 1094 862; x_wconf 85' lang='lat' dir='ltr'>salubris</span> <span class='ocrx_word' id='word_1_10' title='bbox 1113 818 1121 872; x_wconf 93' lang='lat'>;</span> 
     </span>
    </p>
   </div>
   <div class='ocr_carea' id='block_1_3' title="bbox 165 931 1179 1029">
    <p class='ocr_par' dir='ltr' id='par_1_3' title="bbox 165 931 1179 1029">
     <span class='ocr_line' id='line_1_3' title="bbox 165 931 1179 1029; baseline -0.006 -23"><span class='ocrx_word' id='word_1_11' title='bbox 165 932 311 1006; x_wconf 88' lang='lat' dir='ltr'><strong>Deinde</strong></span> <span class='ocrx_word' id='word_1_12' title='bbox 330 958 578 1026; x_wconf 88' lang='lat' dir='ltr'>supervacuos</span> <span class='ocrx_word' id='word_1_13' title='bbox 597 948 772 1022; x_wconf 85' lang='lat' dir='ltr'>removet,</span> <span class='ocrx_word' id='word_1_14' title='bbox 793 946 1002 1029; x_wconf 84' lang='lat' dir='ltr'>purgatque</span> <span class='ocrx_word' id='word_1_15' title='bbox 1021 931 1179 1004; x_wconf 86' lang='lat' dir='ltr'>vicissim</span> 
     </span>
    </p>
   </div>
   <div class='ocr_carea' id='block_1_4' title="bbox 159 1074 1193 3408">
    <p class='ocr_par' dir='ltr' id='par_1_4' title="bbox 163 1074 1188 1870">
     <span class='ocr_line' id='line_1_4' title="bbox 166 1074 1015 1149; baseline 0.001 -3"><span class='ocrx_word' id='word_1_16' title='bbox 166 1074 377 1148; x_wconf 90' lang='lat' dir='ltr'>Humores:</span> <span class='ocrx_word' id='word_1_17' title='bbox 406 1077 493 1148; x_wconf 65' lang='lat' dir='ltr'>aliis</span> <span class='ocrx_word' id='word_1_18' title='bbox 513 1077 669 1149; x_wconf 81' lang='lat' dir='ltr'>nimium</span> <span class='ocrx_word' id='word_1_19' title='bbox 690 1092 850 1149; x_wconf 88' lang='lat' dir='ltr'>saturata</span> <span class='ocrx_word' id='word_1_20' title='bbox 868 1099 1015 1148; x_wconf 86' lang='lat' dir='ltr'>veneno</span> 
     </span>
     <span class='ocr_line' id='line_1_5' title="bbox 163 1213 969 1310; baseline 0.004 -25"><span class='ocrx_word' id='word_1_21' title='bbox 163 1213 329 1286; x_wconf 86' lang='lat' dir='ltr'>Tabilico</span> <span class='ocrx_word' id='word_1_22' title='bbox 348 1217 485 1287; x_wconf 81' lang='lat' dir='ltr'>arderet</span> <span class='ocrx_word' id='word_1_23' title='bbox 504 1217 630 1304; x_wconf 90' lang='lat' dir='ltr'>moles,</span> <span class='ocrx_word' id='word_1_24' title='bbox 649 1232 685 1288; x_wconf 91' lang='lat' dir='ltr'>et</span> <span class='ocrx_word' id='word_1_25' title='bbox 705 1218 817 1287; x_wconf 87' lang='lat' dir='ltr'>noxia</span> <span class='ocrx_word' id='word_1_26' title='bbox 836 1241 969 1310; x_wconf 92' lang='lat' dir='ltr'>corpus</span> 
     </span>
     <span class='ocr_line' id='line_1_6' title="bbox 164 1352 1188 1448; baseline 0.002 -24"><span class='ocrx_word' id='word_1_27' title='bbox 164 1352 1002 1448; x_wconf 83' lang='lat' dir='ltr'>Flammanimispremeret,letumqueinlerret</span> <span class='ocrx_word' id='word_1_28' title='bbox 1013 1356 1188 1428; x_wconf 88' lang='lat' dir='ltr'>acerbum.</span> 
     </span>
     <span class='ocr_line' id='line_1_7' title="bbox 163 1492 1186 1592; baseline 0.003 -29"><span class='ocrx_word' id='word_1_29' title='bbox 163 1492 336 1586; x_wconf 78' lang='lat' dir='ltr'>Namque</span> <span class='ocrx_word' id='word_1_30' title='bbox 351 1493 412 1564; x_wconf 94' lang='lat' dir='ltr'>ubi</span> <span class='ocrx_word' id='word_1_31' title='bbox 427 1495 597 1566; x_wconf 84' lang='lat' dir='ltr'>viscosus</span> <span class='ocrx_word' id='word_1_32' title='bbox 609 1495 694 1566; x_wconf 86' lang='lat' dir='ltr'>fluit</span> <span class='ocrx_word' id='word_1_33' title='bbox 707 1495 750 1565; x_wconf 92' lang='lat' dir='ltr'>ad</span> <span class='ocrx_word' id='word_1_34' title='bbox 765 1495 967 1588; x_wconf 86' lang='lat' dir='ltr'>praecordia</span> <span class='ocrx_word' id='word_1_35' title='bbox 979 1497 1143 1592; x_wconf 86' lang='lat' dir='ltr'>sanguis,</span> <span class='ocrx_word' id='word_1_36' title='bbox 1155 1506 1186 1568; x_wconf 80' lang='lat' dir='ltr'>u</span> 
     </span>
     <span class='ocr_line' id='line_1_8' title="bbox 166 1635 1159 1729; baseline 0.002 -21"><span class='ocrx_word' id='word_1_37' title='bbox 166 1635 438 1729; x_wconf 81' lang='lat' dir='ltr'>AEgrottunque</span> <span class='ocrx_word' id='word_1_38' title='bbox 459 1635 620 1717; x_wconf 85' lang='lat' dir='ltr'>hebetat,</span> <span class='ocrx_word' id='word_1_39' title='bbox 640 1643 732 1709; x_wconf 72' lang='lat' dir='ltr'>venel</span> <span class='ocrx_word' id='word_1_40' title='bbox 751 1637 927 1724; x_wconf 84' lang='lat' dir='ltr'>tardante,</span> <span class='ocrx_word' id='word_1_41' title='bbox 946 1637 1159 1720; x_wconf 65' lang='lat' dir='ltr'>cerebrum</span> 
     </span>
     <span class='ocr_line' id='line_1_9' title="bbox 163 1775 990 1870; baseline 0.001 -23"><span class='ocrx_word' id='word_1_42' title='bbox 163 1775 255 1847; x_wconf 89' lang='lat' dir='ltr'>Inde</span> <span class='ocrx_word' id='word_1_43' title='bbox 274 1777 389 1846; x_wconf 83' lang='lat' dir='ltr'>latens</span> <span class='ocrx_word' id='word_1_44' title='bbox 407 1778 466 1846; x_wconf 69' lang='lat' dir='ltr'>aer</span> <span class='ocrx_word' id='word_1_45' title='bbox 485 1776 660 1869; x_wconf 91' lang='lat' dir='ltr'>paulatim</span> <span class='ocrx_word' id='word_1_46' title='bbox 682 1801 701 1847; x_wconf 91' lang='lat' dir='ltr'>e</span> <span class='ocrx_word' id='word_1_47' title='bbox 720 1800 869 1870; x_wconf 90' lang='lat' dir='ltr'>corpore</span> <span class='ocrx_word' id='word_1_48' title='bbox 889 1777 990 1848; x_wconf 90' lang='lat' dir='ltr'>virus</span> 
     </span>
    </p>

    <p class='ocr_par' dir='ltr' id='par_1_5' title="bbox 161 1914 1187 2290">
     <span class='ocr_line' id='line_1_10' title="bbox 162 1914 1111 2009; baseline 0.001 -24"><span class='ocrx_word' id='word_1_49' title='bbox 162 1914 273 1986; x_wconf 85' lang='lat' dir='ltr'>Elicit</span> <span class='ocrx_word' id='word_1_50' title='bbox 292 1914 467 1985; x_wconf 90' lang='lat' dir='ltr'>invadens</span> <span class='ocrx_word' id='word_1_51' title='bbox 486 1914 698 2009; x_wconf 86' lang='lat' dir='ltr'>pulmonem</span> <span class='ocrx_word' id='word_1_52' title='bbox 718 1945 725 1999; x_wconf 92' lang='lat'>;</span> <span class='ocrx_word' id='word_1_53' title='bbox 757 1914 843 1987; x_wconf 92' lang='lat' dir='ltr'>hinc</span> <span class='ocrx_word' id='word_1_54' title='bbox 864 1915 990 2008; x_wconf 88' lang='lat' dir='ltr'>purior</span> <span class='ocrx_word' id='word_1_55' title='bbox 1008 1927 1111 1987; x_wconf 88' lang='lat' dir='ltr'>artus</span> 
     </span>
     <span class='ocr_line' id='line_1_11' title="bbox 161 2054 1187 2153; baseline 0.001 -26"><span class='ocrx_word' id='word_1_56' title='bbox 161 2054 316 2153; x_wconf 87' lang='lat' dir='ltr'>Sanguis</span> <span class='ocrx_word' id='word_1_57' title='bbox 334 2057 424 2138; x_wconf 83' lang='lat' dir='ltr'>obit,</span> <span class='ocrx_word' id='word_1_58' title='bbox 445 2058 644 2153; x_wconf 85' lang='lat' dir='ltr'>tenuisque</span> <span class='ocrx_word' id='word_1_59' title='bbox 661 2082 731 2130; x_wconf 94' lang='lat' dir='ltr'>suo</span> <span class='ocrx_word' id='word_1_60' title='bbox 749 2057 932 2129; x_wconf 88' lang='lat' dir='ltr'>delabitur</span> <span class='ocrx_word' id='word_1_61' title='bbox 950 2056 1082 2141; x_wconf 80' lang='lat' dir='ltr'>alveb;</span> <span class='ocrx_word' id='word_1_62' title='bbox 1153 2067 1187 2129; x_wconf 79' lang='lat'>55</span> 
     </span>
     <span class='ocr_line' id='line_1_12' title="bbox 162 2195 1053 2290; baseline -0.002 -22"><span class='ocrx_word' id='word_1_63' title='bbox 162 2195 263 2268; x_wconf 91' lang='lat' dir='ltr'>Hinc</span> <span class='ocrx_word' id='word_1_64' title='bbox 283 2198 392 2267; x_wconf 88' lang='lat' dir='ltr'>etiarn</span> <span class='ocrx_word' id='word_1_65' title='bbox 411 2196 523 2269; x_wconf 77' lang='lat' dir='ltr'>citius</span> <span class='ocrx_word' id='word_1_66' title='bbox 542 2197 695 2268; x_wconf 86' lang='lat' dir='ltr'>redeunt</span> <span class='ocrx_word' id='word_1_67' title='bbox 714 2198 751 2267; x_wconf 94' lang='lat' dir='ltr'>in</span> <span class='ocrx_word' id='word_1_68' title='bbox 772 2196 923 2290; x_wconf 88' lang='lat' dir='ltr'>pristina</span> <span class='ocrx_word' id='word_1_69' title='bbox 943 2195 1053 2280; x_wconf 89' lang='lat' dir='ltr'>vires,</span> 
     </span>
    </p>

    <p class='ocr_par' dir='ltr' id='par_1_6' title="bbox 160 2338 1024 2429">
     <span class='ocr_line' id='line_1_13' title="bbox 160 2338 1024 2429; baseline 0 -19"><span class='ocrx_word' id='word_1_70' title='bbox 160 2338 207 2410; x_wconf 85' lang='lat' dir='ltr'>Et</span> <span class='ocrx_word' id='word_1_71' title='bbox 224 2339 384 2411; x_wconf 86' lang='lat' dir='ltr'>rediviva</span> <span class='ocrx_word' id='word_1_72' title='bbox 403 2340 502 2412; x_wconf 90' lang='lat' dir='ltr'>salus</span> <span class='ocrx_word' id='word_1_73' title='bbox 515 2339 621 2429; x_wconf 91' lang='lat' dir='ltr'>justo</span> <span class='ocrx_word' id='word_1_74' title='bbox 640 2339 884 2412; x_wconf 86' lang='lat' dir='ltr'>moderamine</span> <span class='ocrx_word' id='word_1_75' title='bbox 899 2339 1024 2411; x_wconf 73' lang='lat' dir='ltr'>floret·</span> 
     </span>
    </p>

    <p class='ocr_par' dir='ltr' id='par_1_7' title="bbox 159 2479 1138 2710">
     <span class='ocr_line' id='line_1_14' title="bbox 161 2479 1138 2575; baseline -0.001 -23"><span class='ocrx_word' id='word_1_76' title='bbox 161 2479 259 2552; x_wconf 79' lang='lat' dir='ltr'>cum</span> <span class='ocrx_word' id='word_1_77' title='bbox 281 2494 401 2551; x_wconf 89' lang='lat' dir='ltr'>tamen</span> <span class='ocrx_word' id='word_1_78' title='bbox 422 2505 506 2550; x_wconf 90' lang='lat' dir='ltr'>aura</span> <span class='ocrx_word' id='word_1_79' title='bbox 524 2480 643 2575; x_wconf 82' lang='lat' dir='ltr'>gravis</span> <span class='ocrx_word' id='word_1_80' title='bbox 664 2480 761 2551; x_wconf 89' lang='lat' dir='ltr'>vario</span> <span class='ocrx_word' id='word_1_81' title='bbox 779 2480 977 2574; x_wconf 86' lang='lat' dir='ltr'>spiramine</span> <span class='ocrx_word' id='word_1_82' title='bbox 991 2479 1138 2552; x_wconf 86' lang='lat' dir='ltr'>foedum</span> 
     </span>
     <span class='ocr_line' id='line_1_15' title="bbox 159 2616 985 2710; baseline 0.004 -22"><span class='ocrx_word' id='word_1_83' title='bbox 159 2617 273 2689; x_wconf 69' lang='lat' dir='ltr'>Virus</span> <span class='ocrx_word' id='word_1_84' title='bbox 293 2617 369 2702; x_wconf 88' lang='lat' dir='ltr'>alit,</span> <span class='ocrx_word' id='word_1_85' title='bbox 390 2616 525 2710; x_wconf 69' lang='lat' dir='ltr'>cupide</span> <span class='ocrx_word' id='word_1_86' title='bbox 542 2616 638 2688; x_wconf 87' lang='lat' dir='ltr'>loliis</span> <span class='ocrx_word' id='word_1_87' title='bbox 658 2617 728 2688; x_wconf 92' lang='lat' dir='ltr'>boc</span> <span class='ocrx_word' id='word_1_88' title='bbox 748 2618 894 2690; x_wconf 88' lang='lat' dir='ltr'>imbibit</span> <span class='ocrx_word' id='word_1_89' title='bbox 912 2621 985 2691; x_wconf 71' lang='lat' dir='ltr'>aer.</span> 
     </span>
    </p>

    <p class='ocr_par' dir='ltr' id='par_1_8' title="bbox 159 2758 1193 3408">
     <span class='ocr_line' id='line_1_16' title="bbox 161 2758 1192 2855; baseline 0.002 -26"><span class='ocrx_word' id='word_1_90' title='bbox 161 2760 214 2829; x_wconf 90' lang='lat' dir='ltr'>At</span> <span class='ocrx_word' id='word_1_91' title='bbox 232 2782 334 2850; x_wconf 84' lang='lat' dir='ltr'>saepe</span> <span class='ocrx_word' id='word_1_92' title='bbox 355 2758 512 2828; x_wconf 89' lang='lat' dir='ltr'>incaluit</span> <span class='ocrx_word' id='word_1_93' title='bbox 531 2758 643 2828; x_wconf 92' lang='lat' dir='ltr'>morbi</span> <span class='ocrx_word' id='word_1_94' title='bbox 663 2759 809 2855; x_wconf 84' lang='lat' dir='ltr'>gravida</span> <span class='ocrx_word' id='word_1_95' title='bbox 826 2782 910 2829; x_wconf 85' lang='lat' dir='ltr'>aura</span> <span class='ocrx_word' id='word_1_96' title='bbox 931 2774 1089 2840; x_wconf 82' lang='lat' dir='ltr'>veneno,</span> <span class='ocrx_word' id='word_1_97' title='bbox 1152 2760 1192 2831; x_wconf 80' lang='lat'>60</span> 
     </span>
     <span class='ocr_line' id='line_1_17' title="bbox 160 2899 985 2997; baseline -0.001 -25"><span class='ocrx_word' id='word_1_98' title='bbox 160 2899 366 2993; x_wconf 88' lang='lat' dir='ltr'>lnfecitque</span> <span class='ocrx_word' id='word_1_99' title='bbox 386 2900 512 2997; x_wconf 89' lang='lat' dir='ltr'>polum</span> <span class='ocrx_word' id='word_1_100' title='bbox 529 2929 537 2983; x_wconf 92' lang='lat'>;</span> <span class='ocrx_word' id='word_1_101' title='bbox 564 2899 703 2971; x_wconf 81' lang='lat' dir='ltr'>circbm</span> <span class='ocrx_word' id='word_1_102' title='bbox 721 2900 889 2997; x_wconf 85' lang='lat' dir='ltr'>contagia</span> <span class='ocrx_word' id='word_1_103' title='bbox 908 2900 985 2971; x_wconf 85' lang='lat' dir='ltr'>dira</span> 
     </span>
     <span class='ocr_line' id='line_1_18' title="bbox 159 3041 1075 3137; baseline 0.001 -25"><span class='ocrx_word' id='word_1_104' title='bbox 159 3041 398 3137; x_wconf 86' lang='lat' dir='ltr'>Sparguutur,</span> <span class='ocrx_word' id='word_1_105' title='bbox 418 3065 538 3136; x_wconf 91' lang='lat' dir='ltr'>neque</span> <span class='ocrx_word' id='word_1_106' title='bbox 557 3042 750 3135; x_wconf 87' lang='lat' dir='ltr'>temperies</span> <span class='ocrx_word' id='word_1_107' title='bbox 770 3041 963 3135; x_wconf 84' lang='lat' dir='ltr'>purissima</span> <span class='ocrx_word' id='word_1_108' title='bbox 983 3041 1075 3113; x_wconf 85' lang='lat' dir='ltr'>coeli</span> 
     </span>
     <span class='ocr_line' id='line_1_19' title="bbox 159 3182 1171 3279; baseline 0.001 -26"><span class='ocrx_word' id='word_1_109' title='bbox 159 3182 358 3254; x_wconf 83' lang='lat' dir='ltr'>Victricem</span> <span class='ocrx_word' id='word_1_110' title='bbox 378 3182 541 3275; x_wconf 87' lang='lat' dir='ltr'>reprimit</span> <span class='ocrx_word' id='word_1_111' title='bbox 560 3197 700 3276; x_wconf 89' lang='lat' dir='ltr'>pestem</span> <span class='ocrx_word' id='word_1_112' title='bbox 719 3213 727 3267; x_wconf 92' lang='lat'>;</span> <span class='ocrx_word' id='word_1_113' title='bbox 754 3184 842 3255; x_wconf 87' lang='lat' dir='ltr'>furit</span> <span class='ocrx_word' id='word_1_114' title='bbox 861 3183 934 3266; x_wconf 85' lang='lat' dir='ltr'>illa,</span> <span class='ocrx_word' id='word_1_115' title='bbox 952 3183 1171 3279; x_wconf 88' lang='lat' dir='ltr'>minansque</span> 
     </span>
     <span class='ocr_line' id='line_1_20' title="bbox 160 3321 1193 3408; baseline -0.001 -14"><span class='ocrx_word' id='word_1_116' title='bbox 160 3322 343 3408; x_wconf 84' lang='lat' dir='ltr'>Exitium,</span> <span class='ocrx_word' id='word_1_117' title='bbox 363 3321 469 3391; x_wconf 89' lang='lat' dir='ltr'>vitiat</span> <span class='ocrx_word' id='word_1_118' title='bbox 488 3321 631 3392; x_wconf 74' lang='lat' dir='ltr'>lunestl</span> <span class='ocrx_word' id='word_1_119' title='bbox 648 3321 729 3392; x_wconf 88' lang='lat' dir='ltr'>tabe</span> <span class='ocrx_word' id='word_1_120' title='bbox 749 3321 941 3393; x_wconf 89' lang='lat' dir='ltr'>medullas.</span> <span class='ocrx_word' id='word_1_121' title='bbox 1149 3323 1193 3393; x_wconf 76' lang='lat'>64</span> 
     </span>
    </p>
   </div>
   <div class='ocr_carea' id='block_1_5' title="bbox 40 3461 1193 3557">
    <p class='ocr_par' dir='ltr' id='par_1_9' title="bbox 40 3461 1193 3557">
     <span class='ocr_line' id='line_1_21' title="bbox 40 3461 1193 3557; baseline 0.001 -23"><span class='ocrx_word' id='word_1_122' title='bbox 40 3464 47 3485; x_wconf 47' lang='lat' dir='ltr'>l</span> <span class='ocrx_word' id='word_1_123' title='bbox 161 3462 262 3534; x_wconf 89' lang='lat' dir='ltr'>Hinc</span> <span class='ocrx_word' id='word_1_124' title='bbox 282 3461 467 3556; x_wconf 89' lang='lat' dir='ltr'>pecudum</span> <span class='ocrx_word' id='word_1_125' title='bbox 486 3474 597 3555; x_wconf 90' lang='lat' dir='ltr'>atque</span> <span class='ocrx_word' id='word_1_126' title='bbox 619 3461 811 3533; x_wconf 90' lang='lat' dir='ltr'>bominum</span> <span class='ocrx_word' id='word_1_127' title='bbox 831 3461 1028 3534; x_wconf 88' lang='lat' dir='ltr'>morientia</span> <span class='ocrx_word' id='word_1_128' title='bbox 1046 3483 1193 3557; x_wconf 71' lang='lat' dir='ltr'>corpora</span> 
     </span>
    </p>
   </div>
   <div class='ocr_carea' id='block_1_6' title="bbox 159 3602 1171 3978">
    <p class='ocr_par' dir='ltr' id='par_1_10' title="bbox 159 3602 1171 3978">
     <span class='ocr_line' id='line_1_22' title="bbox 308 3602 441 3696; baseline 0.015 -23"><span class='ocrx_word' id='word_1_129' title='bbox 308 3602 441 3696; x_wconf 89' lang='lat' dir='ltr'>passitn</span> 
     </span>
     <span class='ocr_line' id='line_1_23' title="bbox 160 3741 1171 3834; baseline -0.001 -20"><span class='ocrx_word' id='word_1_130' title='bbox 160 3741 275 3814; x_wconf 87' lang='lat' dir='ltr'>Strata</span> <span class='ocrx_word' id='word_1_131' title='bbox 291 3741 417 3830; x_wconf 86' lang='lat' dir='ltr'>jacent</span> <span class='ocrx_word' id='word_1_132' title='bbox 434 3770 442 3822; x_wconf 86' lang='lat'>;</span> <span class='ocrx_word' id='word_1_133' title='bbox 470 3764 590 3834; x_wconf 86' lang='lat' dir='ltr'>neque</span> <span class='ocrx_word' id='word_1_134' title='bbox 607 3743 659 3812; x_wconf 82' lang='lat' dir='ltr'>fas</span> <span class='ocrx_word' id='word_1_135' title='bbox 678 3742 840 3814; x_wconf 88' lang='lat' dir='ltr'>medicos</span> <span class='ocrx_word' id='word_1_136' title='bbox 858 3754 1021 3814; x_wconf 88' lang='lat' dir='ltr'>avertere</span> <span class='ocrx_word' id='word_1_137' title='bbox 1039 3765 1171 3816; x_wconf 90' lang='lat' dir='ltr'>suecos</span> 
     </span>
     <span class='ocr_line' id='line_1_24' title="bbox 159 3882 1124 3978; baseline 0.002 -22"><span class='ocrx_word' id='word_1_138' title='bbox 159 3882 281 3956; x_wconf 87' lang='lat' dir='ltr'>Triste</span> <span class='ocrx_word' id='word_1_139' title='bbox 299 3884 448 3968; x_wconf 83' lang='lat' dir='ltr'>malurn,</span> <span class='ocrx_word' id='word_1_140' title='bbox 465 3885 586 3956; x_wconf 89' lang='lat' dir='ltr'>donec</span> <span class='ocrx_word' id='word_1_141' title='bbox 605 3886 779 3978; x_wconf 90' lang='lat' dir='ltr'>paulatim</span> <span class='ocrx_word' id='word_1_142' title='bbox 799 3886 943 3958; x_wconf 86' lang='lat' dir='ltr'>abolere</span> <span class='ocrx_word' id='word_1_143' title='bbox 962 3887 1124 3958; x_wconf 87' lang='lat' dir='ltr'>sutorem</span> 
     </span>
    </p>
   </div>
   <div class='ocr_carea' id='block_1_7' title="bbox 160 4023 1030 4122">
    <p class='ocr_par' dir='ltr' id='par_1_11' title="bbox 160 4023 1030 4122">
     <span class='ocr_line' id='line_1_25' title="bbox 160 4023 1030 4122; baseline 0.005 -23"><span class='ocrx_word' id='word_1_144' title='bbox 160 4023 329 4122; x_wconf 88' lang='lat' dir='ltr'>Coeperit</span> <span class='ocrx_word' id='word_1_145' title='bbox 348 4025 444 4098; x_wconf 92' lang='lat' dir='ltr'>ultro</span> <span class='ocrx_word' id='word_1_146' title='bbox 462 4027 536 4112; x_wconf 70' lang='lat' dir='ltr'>adr,</span> <span class='ocrx_word' id='word_1_147' title='bbox 555 4037 593 4097; x_wconf 87' lang='lat' dir='ltr'>et</span> <span class='ocrx_word' id='word_1_148' title='bbox 611 4025 724 4098; x_wconf 88' lang='lat' dir='ltr'>morbi</span> <span class='ocrx_word' id='word_1_149' title='bbox 745 4051 854 4100; x_wconf 87' lang='lat' dir='ltr'>causa</span> <span class='ocrx_word' id='word_1_150' title='bbox 870 4025 1030 4103; x_wconf 84' lang='lat' dir='ltr'>recedat.</span> 
     </span>
    </p>
   </div>
   <div class='ocr_carea' id='block_1_8' title="bbox 0 0 1344 4830">
    <p class='ocr_par' dir='ltr' id='par_1_12' title="bbox 0 0 1344 4830">
     <span class='ocr_line' id='line_1_26' title="bbox 0 0 1344 4830; baseline 0 1"><span class='ocrx_word' id='word_1_151' title='bbox 0 0 1344 4830; x_wconf 95' lang='lat' dir='ltr'> </span> 
     </span>
    </p>
   </div>
  </div>
 </body>
</html>
