2670 4836
409 491 543 551 uusu
566 490 856 553 urouuusrs.
1082 482 1156 554 347

473 740 543 822 Olor
559 741 651 815 ἄνευθ’
668 740 782 816 ἄλλων.

517 1062 753 1076 ———--

111 1233 272 1324 ODn,
287 1262 376 1335 quae
391 1241 505 1315 tacito
518 1242 791 1339 (quodcunque
804 1241 949 1337 vacere)
966 1241 1037 1315 sub
1048 1256 1152 1317 antro

110 1382 195 1456 Sola
213 1383 317 1467 lates,
335 1399 476 1458 sauctae
494 1408 655 1458 reserans
675 1386 875 1480 penetralia
891 1387 989 1460 sedis

113 1522 179 1608 Me
197 1525 347 1622 dignere
366 1542 450 1600 tuos
469 1527 564 1600 inter
582 1550 774 1600 numerare
791 1525 973 1601 clientes!

113 1663 274 1737 Horrida
290 1664 365 1760 qul
382 1666 487 1740 densi
508 1674 646 1740 texunt
666 1666 881 1742 umbracula
897 1681 1032 1756 sentes,

111 1805 200 1899 Qua
220 1806 352 1902 liquidi
371 1810 490 1883 fontes
507 1825 546 1882 et
564 1825 692 1909 stagna
710 1812 864 1885 virentia
883 1834 1028 1895 museo,
1130 1826 1152 1887 5

112 1946 160 2020 Et
178 1945 321 2020 circum
339 1972 466 2022 exesoe
485 1951 632 2022 nutanti
650 1952 791 2023 vertice
807 1976 918 2046 rupes

112 2089 294 2164 Casuram
312 2091 501 2165 intentant
519 2092 692 2187 praesenti
712 2104 829 2187 strage
847 2092 991 2164 ruinam

112 2231 308 2325 Desuper;
326 2247 534 2331 augustam,
553 2231 670 2329 Virgo
689 2233 907 2317 castissima,
926 2234 1051 2306 sedern

112 2371 254 2469 Legisti
275 2371 336 2445 blc
354 2373 454 2444 curis
475 2372 669 2444 homiuum
688 2372 875 2468 rebusque
892 2374 1055 2456 relictis;

112 2511 171 2585 Tu
191 2511 319 2586 studio
336 2526 498 2587 mentem
517 2537 670 2598 recreas,
689 2515 886 2610 fontesque
905 2515 1070 2589 reclusos
1112 2525 1154 2592 10

112 2653 271 2728 Naturoe
288 2655 471 2729 accedens
490 2655 642 2753 largata
661 2654 804 2750 proluis
823 2655 972 2729 haustu.

116 2792 193 2868 Hic
211 2819 336 2867 comes
356 2796 495 2869 incedit
514 2795 673 2870 tremulo
691 2795 880 2889 Sapientia
898 2820 1006 2891 passu

114 2937 290 3010 Arrectos
309 2937 442 3010 tollens
460 2937 605 3025 oculos,
619 2938 708 3009 dum
730 2939 882 3010 numina
901 2938 1010 3032 plena

115 3075 325 3150 Marmoreo
344 3075 489 3148 tandem
509 3090 654 3171 torpore
670 3080 819 3152 astricta
837 3079 1017 3175 quiescat.

165 3219 201 3292 Ο
222 3220 314 3292 mibi
333 3218 528 3293 vobiscum
547 3219 657 3293 liceat
672 3244 899 3316 camposque
915 3234 1082 3314 patentes
1114 3231 1156 3295 15
1209 3319 1214 3327 Ι

116 3363 164 3436 Et
174 3386 336 3435 vacuum
349 3362 501 3435 lustrare
512 3386 644 3435 nemus
658 3369 666 3437 !
689 3362 793 3450 mihi,
806 3362 996 3460 Nympha,
1011 3363 1157 3439 vocanti

117 3504 333 3589 Advenias3
359 3503 483 3598 qualia
499 3501 664 3577 Tiberini
683 3505 727 3576 ad
747 3504 913 3577 fluminis
934 3505 1069 3577 undam

118 3646 263 3720 Diceris
281 3644 415 3741 Egerio
433 3644 623 3739 quondam
642 3642 794 3716 latuisse
811 3643 883 3717 sub
904 3658 1022 3732 antro,

117 3786 219 3862 cum
240 3786 350 3884 leges,
371 3801 507 3857 tenerae
525 3784 696 3857 erudiens
714 3782 901 3855 cunabula
921 3781 1067 3869 Rornae,

118 3928 297 4002 Dictabas
315 3942 353 4001 et
366 3925 452 4017 jura
468 3924 505 3997 N
511 3948 609 3999 urnae
625 3953 633 3997 :
662 3923 757 3998 bibit
775 3924 838 3997 illa
854 3923 1019 3999 salubres
1111 3934 1160 4000 90
