2670 4836
143 510 217 575 930
432 513 565 571 MUSAE
595 512 887 571 ETONENSES.

146 682 254 756 Illius
273 684 401 763 insana
418 701 551 781 pectus
569 686 787 770 lacerabitur
805 685 888 770 Ιῐΐη

194 827 318 919 Quale
337 830 602 904 Prometheum
619 832 779 904 vulturis
800 854 924 927 ungue
937 827 1060 920 jecur.

149 969 232 1043 lios
250 986 332 1071 aget
350 972 604 1069 indignantem
623 995 761 1044 acuens
779 971 920 1062 lnjuria
935 984 1109 1059 mentem,
1137 981 1178 1045 25

198 1110 246 1183 Et
261 1111 421 1184 demissa
439 1110 566 1191 Pudor
581 1113 723 1184 lumina
741 1113 842 1184 fixus
863 1111 981 1184 humi.

150 1255 266 1329 Hunc
284 1256 465 1328 desiderio
484 1256 586 1363 falam
605 1270 798 1328 consumet
817 1254 949 1327 amicae

198 1396 340 1471 Tabida
354 1399 529 1492 depastus
548 1421 697 1491 corpora
715 1397 832 1469 durus
849 1395 979 1505 Amor.

151 1539 297 1613 inuidia
314 1538 427 1628 hunc,
446 1539 554 1611 iilum
573 1540 723 1633 penitus
741 1537 833 1632 Spes
851 1552 1023 1626 maceret,
1042 1537 1140 1615 ultro

199 1680 340 1765 Fracta,
360 1704 492 1753 novam
512 1680 619 1753 sortis
637 1681 760 1752 nescia
775 1679 871 1752 velie
891 1680 1023 1754 vicem.
1142 1688 1190 1757 30

151 1820 348 1919 Sanguinis
368 1821 427 1892 hic
445 1845 528 1893 reus
546 1834 660 1916 atque
678 1819 855 1893 humanae
872 1822 987 1896 caedis
1005 1834 1144 1919 agetur,

199 1963 445 2058 Membraque
464 1963 658 2058 purpureis
677 1963 826 2062 planget
844 1965 970 2039 inusta
988 1964 1102 2040 notis.

152 2101 331 2180 Manibus
348 2117 385 2174 et
402 2126 545 2199 semper
561 2104 744 2198 furiisque
765 2104 961 2179 ultricibus
980 2119 1089 2178 actus

202 2241 346 2338 lugeret
365 2241 402 2314 in
421 2255 566 2316 tantum
585 2267 679 2317 vana
699 2246 818 2341 piacla
832 2247 968 2322 scelus.

155 2385 300 2459 Horum
320 2384 463 2455 animos
477 2383 584 2457 Error
602 2382 706 2457 ludet
723 2385 917 2473 fanaticus,
935 2399 985 2472 st,
1004 2386 1071 2480 qui
1143 2394 1189 2460 35

203 2526 249 2599 Iu
268 2525 400 2597 mediis
418 2524 561 2599 damnis
578 2525 673 2600 ridet
691 2526 811 2606 inane.
830 2522 958 2605 Furor.

156 2666 435 2763 Longaevaeque
452 2664 581 2737 subest
599 2664 742 2742 Macies
759 2655 938 2739 Tithonia
956 2666 1062 2751 vitas,

205 2804 321 2881 Arida
337 2827 427 2899 quae
444 2804 544 2877 tenta
561 2804 713 2881 conficit
731 2831 814 2880 ossa
827 2808 903 2882 siti.

156 2949 310 3044 Cuique
327 2971 421 3020 suus
440 2945 555 3034 dolor,
574 2961 611 3019 et
629 2948 763 3043 proprii
783 2949 1004 3043 patrimonia
1020 2946 1169 3034 luctum

208 3090 284 3165 Hic
302 3090 377 3164 sato
395 3087 547 3161 alterius
566 3088 683 3176 flebit,
702 3101 741 3161 et
758 3087 822 3161 iile
838 3114 922 3164 suo.
1148 3102 1192 3168 40

156 3238 193 3312 Si
213 3246 375 3331 nequeat
391 3256 559 3306 curarum
574 3232 750 3306 accedere
761 3230 880 3305 serius
898 3230 998 3321 hora,

207 3378 298 3452 Fata
314 3376 410 3475 quid·
423 3400 445 3447 e
460 3374 590 3474 Stygia
604 3376 703 3449 nube
720 3376 844 3449 futura
861 3374 1031 3451 traham?

159 3518 301 3595 Desine
314 3517 392 3609 jam
411 3532 530 3591 certos
545 3517 757 3591 meditando
770 3540 950 3591 arcessere
964 3517 1104 3605 tuctus,

208 3660 361 3746 Desine,
382 3683 449 3731 nec
469 3660 594 3753 plures
611 3658 673 3730 det
690 3656 766 3753 lyra
785 3624 1033 3750 putsa'souos.

157 3804 194 3878 Si
214 3800 341 3875 faciles
358 3800 456 3873 ultro
472 3798 574 3873 dabit
591 3800 796 3897 ignorantia
810 3824 974 3887 somnos,
1143 3812 1186 3875 to

209 3940 356 4026 Gaude,
373 3939 486 4038 quam
503 3942 642 4036 poteris
656 3939 863 4037 desipuisse
878 3940 943 4015 diu
962 3945 971 4015 Ι
