2670 4836
455 552 589 627 MUSAE
612 552 903 611 ETONENSES.
1025 591 1027 594 v

166 723 251 797 Sive
268 747 354 818 apes
371 723 595 820 Sophoclem
618 740 725 798 tuum
743 727 892 799 audiisti

165 864 313 958 Quinta
327 879 430 959 parte
447 867 505 938 sui
527 866 705 939 imbuisse
723 867 865 951 mellis;

163 1008 382 1089 Ἀττικώτατος
401 1010 481 1105 ipse
498 1010 623 1082 dictus
641 1009 745 1095 olim,

163 1149 298 1244 Tuque
316 1148 406 1222 olim
425 1150 567 1245 patiens
585 1151 664 1244 apis
684 1152 804 1224 vocari
823 1178 833 1236 ;

163 1290 285 1364 hlusis
304 1304 425 1384 aptus,
445 1291 602 1363 idoneus
620 1292 778 1378 choreis,

161 1431 331 1502 Baiarum
351 1456 470 1502 novus
489 1431 636 1526 hospes,
654 1433 837 1528 eleganter

160 1571 300 1646 Lusisti
320 1572 461 1644 calamo
483 1572 717 1658 Petroniam,

158 1710 297 1783 Gratus
315 1713 596 1810 virginibusque
613 1713 851 1810 bellulisque.

158 1851 218 1925 Sic
236 1868 273 1924 et
293 1852 356 1924 ille
374 1854 473 1948 stylo
490 1855 670 1928 solutiore

158 1992 320 2090 Pingens
338 1994 489 2066 delicias
507 1997 742 2091 ineptiasque

157 2134 266 2208 Lusit
285 2137 460 2225 suaviter,
480 2137 670 2232 improbus
688 2139 855 2232 leporum

153 2278 324 2375 Argutus
345 2291 500 2371 pateret
520 2279 747 2352 facetiarum.
811 2378 815 2383 .

151 2420 261 2512 Quos
281 2420 437 2514 plausus
456 2420 520 2493 tibi
543 2420 764 2518 Rhedycina
782 2433 896 2492 mater

149 2560 304 2656 Stipatis
321 2560 463 2633 dederit
479 2563 651 2656 frequens
668 2561 831 2649 theatris,

146 2701 262 2777 Musa
279 2713 366 2772 avet
386 2725 597 2786 memorare,
616 2702 681 2775 sed
698 2701 834 2774 fatiscit
851 2732 860 2786 ;

145 2843 251 2918 Dum
270 2864 465 2935 nunquam
485 2842 582 2936 potis
600 2855 657 2912 est
675 2854 757 2913 tuas
776 2855 907 2926 tacere,

145 2986 227 3059 Nec
244 2984 361 3082 digne
377 2982 508 3055 didicit
524 2983 655 3055 referre
672 2983 812 3056 laudes.

144 3126 177 3200 O
196 3128 265 3222 qui
285 3124 436 3197 deliciae
454 3138 490 3196 et
508 3123 625 3195 decus
644 3134 795 3194 tuorum

145 3268 277 3342 Etonae
297 3281 444 3338 teneros
462 3265 565 3335 foves
583 3262 767 3350 alumnos,

144 3408 301 3484 Heurici
320 3406 434 3480 simul
455 3406 591 3498 hospes
608 3420 646 3476 et
665 3417 865 3499 patronus;

144 3550 276 3650 Pergas
294 3553 479 3647 ingenuos
499 3549 590 3620 lares
608 3549 730 3632 tueri;

146 3692 292 3768 Laudes
309 3706 346 3763 et
366 3706 430 3763 tua
447 3690 586 3782 scripta
602 3688 694 3759 dum
711 3687 733 3760 J
740 3702 901 3765 uvantus

147 3833 248 3909 Felix
269 3833 436 3930 perlegit,
454 3830 718 3924 inclytumque
735 3828 871 3909 nomen

148 3975 269 4051 trusae
289 3974 489 4049 nobilitant
507 3974 765 4067 perenniores!
