2670 4836
448 560 583 619 unsar
612 560 904 620 nrounnsns.
1114 546 1183 621 291
1244 603 1247 609 .

144 729 243 804 Mox
261 744 383 803 tamen
401 745 466 805 aut
486 732 578 805 lenis
596 735 731 829 placidi
751 736 948 809 clementia
965 735 1052 808 coeli

144 871 298 947 Effusos
316 873 415 948 ultro
434 876 582 949 tandem
598 877 768 951 miserata
786 877 939 961 labores,
1139 889 1187 952 45

142 1014 228 1088 Aut
245 1015 359 1090 crebri
380 1029 505 1090 motus
524 1017 677 1113 linguae,
696 1032 762 1090 aut
780 1019 850 1090 fors
871 1021 950 1112 ipsa
970 1017 1089 1091 dolori

142 1154 333 1250 Imposuit
350 1155 475 1241 linem,
495 1157 702 1253 docuitque
719 1158 892 1253 effingere
909 1183 1033 1244 voces,

143 1295 434 1393 Distinctosque
451 1322 563 1370 sonos
580 1312 618 1372 et
635 1314 734 1372 certa
752 1299 941 1372 excudere
959 1299 1082 1375 verba.
1123 1340 1126 1345 ·

142 1437 386 1534 Obstupuere
404 1440 488 1535 ipsi,
506 1453 544 1513 et
562 1454 643 1512 tum
662 1439 821 1535 primdrn
843 1441 984 1535 poplite
1001 1441 1104 1516 flexo

144 1579 361 1655 Laudavere
381 1582 508 1656 Deum
527 1583 630 1667 laeti;
657 1596 739 1655 tum
759 1584 910 1656 nornine
929 1583 1090 1678 primurn
1141 1595 1189 1661 50

143 1722 376 1819 Exprimere,
395 1739 433 1797 et
451 1728 560 1799 certis
579 1739 735 1820 potuere
753 1749 952 1823 agnoscere
967 1726 1102 1804 verbis.

142 1862 245 1939 Tum
264 1863 426 1960 primdm
445 1866 585 1939 validas
603 1867 740 1941 muniri
761 1866 925 1941 turribus
944 1867 1067 1954 urbes,

143 2004 301 2104 Surgere
319 2022 357 2078 et
375 2007 511 2103 ignotis
529 2008 652 2087 felicia
670 2009 852 2083 messibus
869 2035 966 2095 arva,

146 2146 330 2243 Idaeuque
349 2148 468 2221 levem
486 2148 708 2221 descendere
726 2149 864 2221 vertice
882 2152 1012 2244 pinum

144 2288 314 2385 AEquora
333 2290 405 2363 lata
422 2313 534 2383 super
554 2290 750 2386 pelagique
767 2293 950 2366 tumentia
969 2316 1090 2389 regna,
1142 2306 1190 2369 55
1265 2328 1269 2337 ·

142 2430 304 2506 Cernere
321 2447 422 2517 erat;
450 2433 551 2506 laetae
571 2432 754 2527 placidam
773 2446 854 2507 tum
875 2435 974 2529 pacis
991 2435 1132 2507 olivum

147 2577 338 2666 Crescere,
356 2591 395 2652 et
412 2578 609 2652 innumero
626 2580 844 2657 commercia,
858 2578 993 2651 fervere
1011 2592 1135 2673 portu.

148 2718 334 2794 Marmora
353 2733 433 2793 tum
453 2718 614 2815 primdm
632 2734 670 2791 et
688 2717 852 2812 liquidos
869 2718 1006 2812 spirare
1024 2719 1165 2792 colores

146 2860 317 2936 iusserat
333 2886 415 2946 ars;
441 2861 632 2955 validique
648 2883 783 2933 sonoro
801 2858 963 2941 carmine
982 2860 1109 2955 plectri

148 3002 290 3079 Gestiit
306 3004 441 3077 auritas
459 3003 642 3075 deducere
660 3000 851 3074 montibus
868 3025 979 3073 ornos
1141 3005 1190 3079 60
1225 3058 1232 3073 .

148 3145 263 3220 Musa
280 3159 413 3241 potens
431 3167 683 3231 numerorum,
702 3156 739 3215 et
757 3142 862 3214 suavi
883 3143 1030 3237 pollicis
1049 3144 1128 3219 ictu

148 3288 290 3363 Fallere
306 3287 492 3362 Threiciae
510 3287 741 3361 minitantem
762 3285 904 3382 tigridis
922 3287 1024 3360 iram.

196 3429 234 3504 O
253 3432 476 3505 fortunatam
494 3426 653 3503 nimiirm
675 3430 805 3525 (suasi
825 3428 919 3500 bona
940 3430 1075 3517 nbriut,

150 3571 389 3668 Auctorique
407 3570 492 3645 Deo
508 3572 654 3646 meritas
673 3571 877 3664 persolvere
896 3570 1041 3667 laudes)

150 3712 1192 3810 Gentemhominumtcutlinguadatur‚cuimiraporestas

149 3855 196 3931 Et
215 3883 355 3932 narrare
371 3883 461 3931 suos
479 3858 739 3953 comitumque
757 3857 884 3929 audire
903 3856 1054 3947 labores,
1142 3862 1190 3935 66

151 3999 199 4078 Εἰ
217 4027 310 4079 voce
326 4001 432 4076 effari
448 4004 569 4078 varios
586 4003 785 4096 interprete
802 4025 947 4076 sensus.

635 4153 714 4216 οἳ
