2670 4836
179 482 250 555 216
474 495 938 582 ‚nusnnnnnpns-Es.

417 760 423 769 ¹
484 760 488 767 ⁵
556 756 751 856 ss‘Aypanoc
767 759 851 862 ὅρνις.

182 925 244 978 an.
856 990 859 997 Ι
1063 937 1090 972 Α.
1103 934 1129 971 u.
1144 920 1219 1013 liiii·

624 1090 774 1101 “-

50 1319 54 1330 .
184 1237 214 1323 1,
237 1257 407 1339 ancias,
428 1234 536 1308 celeri
555 1235 715 1309 volitans
732 1259 794 1330 per
812 1234 1085 1321 nubilacumu,
1205 1280 1213 1293 ·

233 1378 263 1465 1,
283 1378 416 1474 fugias,
436 1374 590 1474 Cypriae
605 1392 706 1476 grata
725 1375 912 1450 Columba
931 1375 1049 1453 Deae!

57 1596 61 1604 ,
185 1517 318 1591 Mollia
335 1516 364 1588 si
385 1516 531 1589 medius
551 1517 720 1612 prohibet
737 1519 957 1591 commercia
971 1532 1126 1613 pontus,
1193 1570 1199 1583 .

233 1659 282 1732 Et
301 1657 396 1730 mala
414 1681 502 1752 qnae
521 1658 631 1743 votis,
653 1659 747 1732 heu!
778 1661 876 1732 sanet
896 1660 994 1735 unda
1010 1660 1131 1744 meis;

184 1802 221 1876 Si
243 1798 534 1896 nequediiectae
554 1825 664 1873 voces
682 1802 808 1876 audire
826 1802 965 1898 puellae
1195 1814 1222 1875 Δ

233 1941 256 2015 J
261 1965 318 2014 am
337 1940 459 2030 liceat,
479 1941 587 2012 vultu
608 1966 674 2013 nec
696 1944 863 2037 propiore
881 1943 976 2030 ἰωὴ

185 2083 245 2157 Τυ
262 2081 352 2157 mihi
368 2081 537 2178 quodssfas
551 2098 606 2154 est
621 2084 813 2177 praestabis
828 2113 838 2170 ς
865 2100 902 2158 et
917 2085 1084 2182 alloquar
1096 2087 1223 2163 absens

144 2258 167 2295 ι
236 2223 441 2298 Absentem
460 2222 596 2310 officio,
615 2222 748 2297 blanda
765 2225 951 2313 columba,
970 2237 1050 2299 tuo.

185 2368 242 2441 Te
259 2366 379 2441 licitas
397 2377 570 2463 carpente
588 2365 678 2454 vias,
699 2366 878 2463 interpres
895 2333 1028 2440 uincitis

237 2507 337 2582 Haec
355 2521 427 2593 eat,
445 2523 482 2579 et
499 2507 631 2582 sensns
648 2506 773 2580 charta
791 2507 955 2585 ministra
975 2509 1062 2585 mei.
1146 2566 1150 2575 .
1184 2519 1225 2583 10

187 2648 250 2722 Sic
268 2648 399 2720 oculos
418 2645 595 2743 nymphae
614 2645 781 2742 paullum
801 2615 880 2720 men
894 2661 982 2720 vota
1000 2662 1202 2733 morentur,

240 2789 408 2887 Perlegat
425 2805 463 2862 et
481 2791 661 2885 seriptum
680 2789 753 2863 fida
771 2790 940 2865 Susanna
958 2815 1099 2865 meum.

189 2929 283 3003 Arte
299 2928 472 3002 laboratae
491 2943 706 3026 merguntur
724 2930 760 3004 in
780 2955 931 3027 aequore
951 2955 1112 3029 puppes,

237 3069 443 3144 Obsessum
461 3069 635 3142 infestant
652 3086 772 3165 raptor
787 3082 825 3144 et
843 3094 941 3144 arma
957 3070 1083 3144 solum
1100 3102 1109 3157 ;

187 3210 261 3298 Tu,
279 3211 438 3307 liquidas
455 3236 584 3284 secura
601 3213 719 3285 ferens
737 3213 908 3286 mandata
926 3238 989 3309 per
1006 3239 1126 3304 auras,
1184 3226 1223 3288 15

239 3354 406 3451 Effugiea
423 3354 535 3427 nuliis
554 3355 787 3449 impedienda
808 3357 931 3430 moris.

189 3495 289 3587 Quis
306 3496 394 3568 coeli
414 3495 480 3568 tibi
500 3495 650 3568 claudet
668 3496 764 3570 ner?
791 3495 881 3568 dnm
900 3494 1043 3569 lumina
1061 3495 1191 3568 fallens

238 3633 346 3708 Vana
363 3634 495 3724 vinim,
514 3635 652 3709 scindis
671 3651 751 3709 tnta
769 3638 840 3710 sub
858 3649 953 3709 astra
969 3637 1108 3734 fugam.

189 3778 329 3853 Saeviat
349 3776 446 3849 unda
465 3777 585 3862 maris,
604 3791 778 3850 moveant
796 3780 922 3852 insana
941 3779 1130 3853 tumultus

239 3918 417 4015 AEqnora,
435 3928 473 3988 et
490 3941 633 3990 eversas
650 3921 815 3994 concitet
835 3918 958 3994 Eurus
975 3945 1113 4017 aquaa;
1182 3930 1229 3994 90

798 4108 829 4145 Oe
