2670 4836
17 588 21 595 ¹
154 510 225 577 324
449 524 583 583 nusn
611 525 900 591 nronnnsns.

154 696 192 772 Si
210 697 347 792 pulset,
367 693 460 769 bene
477 696 575 769 fidus
593 720 655 768 ore
673 697 791 771 latras.

153 837 212 911 Tu
232 837 301 913 soli
320 836 410 910 mihi
428 837 550 911 dulcis
566 863 607 910 es
623 837 830 925 choraules,

153 982 211 1057 Tu
231 1008 374 1079 semper
391 984 629 1095 citharedus,
647 1010 670 1059 ο
688 986 844 1062 Catelie.
893 1086 897 1098 ¹

153 1124 255 1218 Qnae
275 1125 400 1199 reddat
419 1125 485 1198 tibi
503 1126 612 1210 dona,
633 1127 691 1199 vel
709 1128 831 1203 favore

152 1266 242 1359 Quo
262 1281 297 1339 te
317 1264 487 1360 Calliope
501 1268 774 1344 remunerabit?

149 1408 204 1482 Ut
221 1409 339 1481 crines
357 1407 517 1493 decoret,
532 1421 720 1502 caputque
739 1424 863 1506 pergat

152 1549 315 1624 Pulchro
331 1572 505 1647 gausape,
525 1573 639 1633 serva,
659 1550 707 1621 mi
727 1548 884 1635 Catelle‚

150 1691 217 1765 Est
233 1689 377 1786 Phyllis
396 1704 481 1774 ωας
509 1713 586 1785 quo
602 1688 727 1762 dolore
746 1714 862 1785 nuper

151 1832 311 1921 Pioravi‚
329 1847 365 1906 et
381 1836 529 1928 quoties
547 1827 647 1905 metu
668 1832 877 1918 fremebam,

149 1975 264 2064 Cum,
284 1973 483 2070 pulchelle,
502 1972 708 2066 periculosa
720 1972 794 2046 sata

148 2115 204 2189 Te
220 2117 336 2190 morbi
355 2120 525 2188 tenuere!
554 2115 647 2210 quin
666 2128 835 2209 potentes

150 2252 298 2330 Arcessi
319 2257 495 2338 medicos,
514 2255 688 2350 viamque
701 2253 797 2346 jussi

32 2446 37 2459 ·
60 2445 62 2449 ι
148 2397 267 2472 Sterni
287 2398 472 2483 stramine,
488 2420 533 2468 ne
552 2408 653 2469 tuum
670 2396 838 2493 quietem

150 2538 343 2633 Rumpunt
361 2536 539 2630 plaustra
565 2536 717 2610 domum
736 2537 988 2632 perambulare

145 2677 197 2751 Et
214 2700 337 2749 servos
355 2689 441 2748 veto
459 2674 592 2748 calceis
608 2688 794 2751 sonantes.

148 2815 183 2890 Ο
204 2830 327 2888 tecum
346 2815 497 2899 morian
525 2813 656 2888 iubens
674 2816 822 2893 remitto

147 2955 274 3029 Vitam
294 2970 330 3029 te
348 2956 547 3032 moriente:
574 2957 605 3029 si
626 2958 760 3052 peribit

148 3097 203 3171 Te
219 3099 307 3171 vivo
324 3097 486 3183 domine,
504 3120 563 3183 en,
582 3122 690 3181 mear,
707 3096 864 3188 Catelle,

149 3237 237 3312 Hoc
254 3237 467 3310 solatiolum
487 3237 587 3310 necis
606 3238 833 3334 relinquam:

140 3377 336 3475 Supremis
356 3378 491 3451 tabulis
509 3367 755 3474 pecuniosuni

15 3603 28 3613 ⁶
145 3515 245 3591 Tum
265 3540 401 3590 munus
419 3518 535 3602 dabo;
566 3544 613 3591 ne
631 3521 724 3593 same
744 3522 897 3609 labores,

145 3658 208 3733 Ne
224 3661 355 3733 vivens
373 3659 509 3753 patiare
528 3658 641 3732 herile
654 3660 817 3753 jussum.

144 3796 183 3872 Si
202 3810 240 3870 te
258 3797 374 3894 prima
389 3810 537 3886 vocent,
556 3795 712 3884 Catelie‚
730 3802 815 3886 fata,

143 3939 315 4015 Condam
344 3939 499 4028 lumina,
517 3955 759 4038 mortuosque
778 3942 933 4039 pulchri
