2678 4830
155 516 222 591 166
437 529 570 586 uusn
599 528 891 587 aronensns.

434 769 568 811 movear
589 769 780 814 coanicuna
801 746 902 812 mauu·

192 889 344 933 FURTlVl!
366 889 503 933 nuum
525 890 720 934 comninos.

153 983 242 1054 regn.
1042 982 1178 1037 auris.

152 1249 321 1324 Linnna
341 1248 430 1322 clim
448 1251 576 1322 vacuis
594 1249 736 1323 circbm
753 1249 936 1343 spatiatur
954 1247 992 1318 in
1011 1247 1119 1331 arvis,

202 1391 343 1464 Militat
362 1402 399 1461 et
417 1389 511 1461 festo
530 1389 616 1462 laeta
629 1388 787 1480 juventa
805 1387 878 1473 die,

151 1533 305 1607 Furtivb
323 1531 451 1626 plomb
470 1545 583 1625 atque
596 1532 731 1603 alienis
749 1528 970 1624 splendidus
984 1529 1096 1603 armis

201 1677 326 1750 Gestit
344 1673 533 1745 inassuetb
550 1687 652 1745 veste
671 1673 786 1743 nitere
804 1695 921 1765 puer:

152 1817 207 1891 At
224 1821 335 1891 simul
355 1817 538 1890 occiduus
557 1817 734 1925 lassatum
752 1816 788 1885 in
810 1829 908 1889 tecta
925 1814 1072 1931 reducit
1160 1824 1177 1884 ό

200 1959 367 2031 Ridiculi
388 1959 564 2031 claudens
582 1957 637 2029 sol
653 1957 764 2029 breve
783 1957 908 2029 martis
926 1981 1027 2051 opus
1044 1986 1054 2041 ;

150 2099 320 2203 Cogitur,
342 2099 436 2171 heu!
468 2097 605 2192 positas
623 2097 828 2193 sumpsisse
845 2096 1027 2194 inglorius
1046 2110 1147 2185 artes,

198 2242 385 2340 Signaque
404 2239 550 2313 militiae
568 2239 786 2334 deposuisse
803 2263 897 2311 suae.

149 2385 211 2458 Sic
229 2382 292 2456 ubi
315 2382 516 2454 Palladiam
531 2380 732 2470 jubeamur
750 2381 843 2452 inire
861 2379 1086 2474 palaestram,

202 2526 331 2623 (Heni
363 2550 437 2596 non
456 2524 607 2619 eloquio
626 2525 732 2597 turba
750 2525 884 2597 diserta
902 2523 990 2621 suo)
1146 2534 1180 2601 10

150 2666 351 2738 Lassantur
369 2665 513 2737 mutilis
531 2680 697 2769 veterum
715 2666 948 2747 sermonibus
966 2692 1089 2754 aures,

199 2809 247 2882 Et
266 2833 355 2880 cava
372 2807 519 2879 furtivis
538 2807 689 2906 ingemit
707 2809 791 2882 aula
808 2811 922 2882 sonis,

149 2950 232 3023 Jam
252 2949 430 3032 Drances
447 2947 523 3040 jam
542 2946 694 3022 Turnus
711 2964 822 3022 ovat:
850 2912 1045 3046 scripsisse
1063 2953 1181 3025 fuisset

78 3145 82 3154 .
140 3141 142 3146 ν
199 3089 340 3173 Gloria,
359 3112 454 3183 quos
474 3087 594 3181 pudor
610 3106 666 3161 est
683 3091 737 3162 sic
756 3050 939 3175 recitasse,
959 3092 1105 3167 modos.

149 3231 418 3327 Nequiequam
432 3229 572 3322 ingenti
590 3241 695 3301 tonat
710 3228 900 3302 Hannibal
913 3254 976 3303 ore
990 3260 999 3316 ;
1027 3231 1181 3330 magistri

197 3373 276 3464 Qui
298 3373 416 3456 timet,
434 3370 586 3466 eloquio
604 3371 812 3460 deficiente,
830 3373 969 3446 minas:
1144 3375 1181 3450 16

150 3515 226 3589 Ore
242 3516 344 3587 ferox
364 3526 498 3601 tamen,
517 3529 554 3585 et
574 3511 683 3587 Latio
704 3516 881 3588 insultare
899 3516 1049 3591 videtur
1065 3547 1074 3604 ;

200 3655 248 3727 Et
267 3678 329 3747 per
348 3651 560 3726 Cannenses
579 3654 691 3727 fertur
709 3656 855 3729 inultus
871 3681 988 3755 agros.

150 3795 221 3868 Vel
240 3793 330 3890 quid
346 3794 473 3867 amor?
502 3794 634 3867 misero
652 3795 744 3890 quid
763 3798 901 3890 proluit
915 3797 965 3870 ira
982 3795 1182 3896 Philippo?

199 3935 314 4011 Hunc
335 3935 422 4008 licet
439 3935 596 4031 accipiat
613 3936 701 4009 sella
718 3938 876 4034 superba
893 3951 1046 4035 patrem.
1142 3948 1186 4014 20
