2670 4836
166 288 234 390 tro
436 294 570 362 uuum
602 258 893 365 uror-eurum·

161 482 185 516 ‘⁶
206 470 349 546 Domos
368 473 551 549 Jebovae:
576 478 652 570 jam
673 479 762 550 mihi
784 480 970 553 maximoe
997 484 1002 493 '

160 603 183 655 “
202 612 347 687 Jehova
365 615 492 699 cedet;
520 638 580 688 me
598 618 831 692 venerabitur

259 766 281 797 “
303 756 484 831 Prostruta
505 760 628 845 tellus,
649 785 708 837 me
726 762 888 859 benigno

308 907 331 942 ‘⁶
350 895 407 970 Tu
415 923 451 970 re
469 901 593 972 colent
609 887 858 997 precibusque
874 918 1002 1000 gentes
1016 900 1054 988 ;’'

159 1035 269 1112 Dixti
286 1067 294 1120 ;
322 1039 462 1113 furores
479 1041 544 1113 sed
563 1041 699 1114 minuit
719 1040 825 1115 Deus
842 1072 852 1126 ;

158 1178 256 1252 Nam
274 1193 311 1250 te
330 1179 526 1254 trisulcum
545 1181 686 1255 fulmen
705 1184 749 1255 ed
769 1182 914 1257 infimas
1150 1193 1201 1261 60

258 1320 430 1396 Detrusit
449 1324 608 1408 umbras,
624 1339 663 1397 et
682 1326 861 1421 profundo

307 1465 444 1538 Lurida
463 1490 561 1540 more
577 1467 729 1540 cohibet
745 1467 816 1540 sub
834 1465 949 1542 Orco.

153 1606 245 1681 Fors
262 1620 298 1679 et
318 1607 447 1690 viator,
466 1607 571 1680 solus
588 1607 779 1703 inhospita

102 1714 105 1719 .
155 1747 258 1823 Dum
278 1760 411 1844 tesqua
430 1748 575 1834 lustrat,
593 1748 719 1823 flebile
735 1751 923 1844 conspicit

253 1892 433 1980 Cadaver,
453 1895 712 1991 iuvenumque
724 1910 861 1968 sortem

300 2035 363 2108 Sic
381 2035 498 2109 dubio
515 2037 718 2110 meditatur
733 2060 808 2109 ore.

151 2189 176 2224 ‘⁸
194 2178 348 2252 Jacetne
367 2204 523 2276 maguus
541 2180 596 2251 sic
614 2178 845 2275 Babylonius

150 2328 173 2364 “
196 2320 409 2416 Regnator?
439 2318 516 2391 Hic
534 2334 603 2407 eet,
621 2319 687 2414 qui
708 2320 819 2392 modb
837 2324 979 2414 proruit

249 2469 271 2505 ‘¹
293 2459 435 2543 Duces,
454 2472 492 2531 et
509 2461 638 2557 exegit
658 2473 856 2556 tyrannos:

298 2612 321 2646 “
341 2600 421 2693 Qui
440 2600 618 2696 pavidum
637 2602 841 2674 tremefecit
859 2601 985 2675 orbem
1001 2600 1045 2677 ?”
1144 2608 1193 2682 60

149 2747 269 2844 Atqui
290 2759 464 2843 tyrannos
483 2745 691 2843 moguifioae
710 2758 838 2818 teuent

148 2889 193 2963 ln
211 2901 329 2962 morte
345 2886 474 2959 sedes:
504 2900 543 2959 tu
563 2886 642 2960 uiue
660 2887 811 2958 nomino

246 3025 450 3109 Putrescis,
470 3025 632 3096 invisum
650 3025 820 3108 cadaver,

295 3168 463 3242 Alitibue
480 3166 713 3262 canibusque
731 3168 867 3263 proedu.

144 3313 243 3388 Nam
263 3337 331 3385 uec
348 3311 509 3406 sepulcri
528 3324 566 3383 te
582 3311 690 3415 patrii
710 3326 813 3383 tenet

144 3458 318 3555 Augusta
338 3456 476 3539 motes;
505 3478 586 3528 nom
607 3476 731 3551 neque
748 3454 871 3528 laureo

239 3596 374 3673 Manes
392 3595 627 3672 obumbrabit
643 3595 834 3692 superbos,
965 3652 968 3661 .

290 3734 374 3815 Nec
389 3735 535 3817 decoris
552 3750 794 3815 monumenta
810 3740 880 3813 reri
901 3772 903 3777 ·
