2670 4836
372 558 505 615 musra
534 554 827 613 accusasses.
1045 547 1118 619 337

374 864 507 883 .....
532 839 634 881 LUDIT
656 837 816 880 AMABILIB

371 962 523 1005 runauld.

78 1038 168 1091 Portis.
961 1061 985 1092 a.
1001 1056 1025 1092 υ.
1044 1046 1118 1096 usu.

78 1300 264 1391 Quaem,
285 1302 348 1376 ubi
368 1326 432 1397 per
450 1304 611 1377 membra
628 1306 739 1399 so'por
757 1303 898 1377 defessa
915 1303 1037 1375 coloni

82 1445 208 1542 Rapit,
234 1461 270 1518 et
287 1446 444 1522 obducit
461 1447 601 1541 pacatis
618 1447 789 1521 sensibus
808 1446 955 1520 umbras

81 1586 192 1659 Alma
210 1589 330 1682 quies,
350 1587 494 1662 levibus
514 1588 627 1661 fertur
645 1611 749 1661 mens
769 1588 922 1684 impigra
939 1589 1071 1683 pennis

82 1728 252 1826 Ignotum
273 1746 411 1803 tentare
429 1731 539 1817 viam,
558 1744 595 1803 et
609 1744 738 1825 stupet
757 1732 870 1804 inscia
888 1755 1023 1819 rerum,

82 1868 233 1942 Somnia
252 1869 341 1942 dum
359 1869 499 1943 circrirn
521 1871 689 1958 volitant,
709 1887 746 1945 et
764 1874 924 1969 imagine
943 1872 1035 1943 raud
1101 1882 1124 1945 5

83 2007 280 2081 Attonitos
300 1981 454 2103 placidis
471 2032 603 2081 sensns
620 2009 802 2084 erroribus
823 2026 974 2109 urgent:

82 2149 171 2223 Non
190 2151 296 2223 aliter
313 2151 413 2222 falsis
432 2152 522 2246 regit
540 2152 751 2224 exultantia
768 2152 893 2225 formis

84 2291 241 2365 Pectora
257 2304 296 2363 et
313 2315 486 2364 accensas
506 2293 595 2363 mirri
612 2290 812 2364 dulcedine
830 2309 973 2367 mentes

88 2437 311 2522 Phantasia;
340 2438 438 2509 haud
459 2438 522 2510 itta
546 2453 681 2510 terrent
700 2457 883 2533 praesente
901 2443 1063 2514 minaces

85 2579 281 2654 Carnificis
301 2580 455 2664 vultus;
485 2603 557 2653 non
579 2580 744 2676 improba
761 2596 870 2656 terret
888 2596 1042 2681 egestas,
1085 2595 1128 2659 10

85 2722 356 2819 Nigrantisque
375 2738 525 2794 movent
543 2725 722 2796 contemti
741 2726 894 2797 carceris
915 2724 1069 2800 umbrae.

85 2864 221 2956 Quid?
248 2867 277 2937 si
300 2889 363 2959 per
380 2865 559 2959 scopulos
575 2864 795 2960 desertaque
814 2881 942 2960 tesqua
963 2869 1080 2940 viator

87 3009 248 3108 Frigoris
266 3021 303 3080 et
323 3007 464 3101 pluviae
485 3008 629 3100 patiens
648 3007 804 3104 vestigia
823 3008 960 3095 flectat,

87 3151 277 3249 Ingratum
298 3172 512 3244 permensus
531 3148 615 3231 iter;
638 3148 749 3239 jubet
768 3150 830 3222 illa
848 3150 1077 3225 tremendum

86 3294 268 3368 Saxorum
291 3293 403 3366 ridere
422 3292 578 3387 apicem,
599 3293 849 3388 scopulosque
870 3296 1031 3367 minaces
1087 3306 1128 3369 15

91 3431 254 3507 Deliciis
265 3430 394 3505 florere
414 3432 548 3513 novis;
573 3431 662 3504 dnm
684 3448 831 3526 pectora
850 3435 957 3508 iaetos

88 3574 327 3669 Concipiunt
347 3590 485 3661 motus,
503 3587 541 3645 et
558 3559 710 3646 blandae'
724 3575 878 3648 numine
898 3573 1009 3649 Divae

90 3717 291 3803 Concitns‚
311 3717 464 3812 irriguos
483 3716 626 3789 circum
645 3715 834 3808 spatiarier
857 3715 982 3787 hortos

89 3857 253 3942 Tiburis,
273 3873 337 3928 nut
359 3855 505 3950 placido
522 3854 691 3927 Baiarum
712 3856 747 3926 in
768 3855 874 3929 litore
886 3828 1007 3929 ‘credit

91 4001 313 4076 Gaudentes
330 4024 370 4072 se
383 3999 472 4072 ferre
489 3997 636 4095 gradus,
655 3994 713 4067 vel
732 3994 909 4070 Thessalo
926 3994 1067 4094 Tempe
1084 4009 1133 4076 90

138 4164 232 4213 vot..
263 4163 293 4213 1.
611 4160 632 4212 2
