2670 4836
424 545 557 602 unse
590 544 880 602 nroueusss.
1110 538 1182 619 139

147 712 270 789 Densa
288 718 386 791 nivis
404 718 520 793 moles
536 743 576 791 se
593 718 718 803 solvit,
737 732 775 791 et
793 732 890 792 arcta
908 720 1049 796 remisit

144 840 374 953 spiramenta
391 859 475 955 gelu
493 890 503 942 ;
531 859 723 932 descendit
740 859 901 931 collibus
919 859 1016 948 altis,

145 974 414 1096 Praecipitique
431 1001 506 1073 ruit
524 1001 678 1074 cumulo
695 1014 907 1096 praeruptus
925 1024 1034 1095 aquae
1056 1024 1174 1078 mons.
1266 1078 1268 1082 Α

142 1140 227 1215 Nec
246 1167 347 1216 mora
363 1173 371 1228 ;
400 1143 549 1216 finitimi
566 1145 656 1217 dant
674 1143 868 1241 vectigalia
887 1144 1007 1216 fontes

143 1283 318 1373 Auxilia,
333 1295 369 1356 et
389 1285 499 1377 pleno
517 1286 751 1383 lympharum
770 1304 956 1357 exauctus
975 1285 1114 1357 bonore
1138 1298 1185 1360 25

143 1420 322 1498 Volvitur
340 1425 526 1521 ingentem
549 1425 689 1497 lluvius
707 1426 932 1498 tumefactus
949 1428 986 1497 in
1000 1425 1162 1503 alveum.

196 1564 304 1656 Quid
325 1564 411 1638 verb
431 1566 601 1638 humanis
619 1580 748 1638 natura
765 1566 944 1660 expandit
961 1567 1090 1640 ocellis

145 1705 275 1798 Majus
294 1708 529 1781 inexhaustis
546 1710 675 1782 oeterni
696 1708 865 1780 fluxibus
884 1710 1016 1794 amnis,

147 1848 229 1941 Qui
247 1873 393 1921 menses
412 1874 475 1944 per
493 1850 606 1937 mille,
621 1862 658 1922 et
677 1850 804 1922 secula
823 1849 935 1934 mille,
956 1862 1082 1922 tenore

147 1987 237 2082 Uno
247 1990 458 2083 ebdemque
470 1990 587 2062 undas
599 1990 728 2073 volvit,
743 1990 972 2086 longumque
985 1991 1126 2064 fluendi
1143 2002 1191 2067 80

151 2130 392 2207 Curriculum
412 2133 542 2206 tenet?
571 2131 670 2204 unde
687 2130 780 2204 adeb
798 2144 871 2202 tam
890 2131 1000 2225 plena
1017 2134 1180 2226 supersit

153 2272 288 2368 Copia,
306 2286 487 2369 perpetuo
503 2296 591 2368 quae
611 2273 767 2344 flumina
779 2272 884 2364 jugia
903 2273 995 2344 Nilo

152 2420 399 2517 suppeditet?
426 2420 513 2514 quis
532 2419 672 2491 ductus
687 2441 796 2512 aquae
811 2431 973 2491 saturare
992 2418 1193 2493 Garumnae

154 2563 384 2637 Immensum
404 2563 640 2646 desiderium,
660 2563 862 2661 riguosque
880 2562 1018 2634 valeret
1143 2621 1150 2632 .

154 2705 321 2780 Danubii
338 2706 524 2800 complere
537 2707 655 2789 sinus,
672 2705 730 2778 vel
743 2704 938 2777 Themesis
955 2728 1096 2777 urnam.
1148 2714 1194 2779 35

203 2849 390 2923 Occiduae
410 2861 531 2943 portus
550 2848 646 2921 lucis
661 2847 776 2920 simul
795 2847 988 2943 Hesperus
1006 2846 1134 2919 aurete

159 2993 319 3082 Clausit,
337 3007 376 3066 et
394 3016 569 3088 aequoreo
587 2993 703 3065 sessos
716 2994 793 3065 sale
812 2993 901 3064 lavit
921 2991 1061 3086 Apollo

160 3133 445 3228 Quadrupedes,
464 3134 643 3205 tenuisse
661 3131 832 3204 sublevat
853 3132 998 3216 humor,
1013 3144 1049 3202 et
1067 3153 1199 3227 aequor

162 3274 262 3347 Leve
280 3273 536 3369 supervolitet,
553 3273 645 3345 dnm
664 3274 769 3346 fuscl
786 3273 943 3347 turbinis
956 3272 1014 3344 alb

161 3417 306 3492 Veetus
323 3419 362 3490 in
378 3417 520 3491 excelsi
539 3417 697 3490 rorantia
710 3418 874 3489 cuimine
891 3416 1027 3488 mentis
1150 3424 1201 3490 40

164 3561 364 3636 Diffundat
381 3560 554 3633 nebulam
570 3582 782 3656 aequoream
801 3578 1201 3651 crassosquevapores,

166 3701 261 3776 Mox
281 3705 345 3776 ubi
365 3704 493 3776 duram
511 3703 683 3785 hiemem,
698 3714 736 3772 et
751 3699 908 3771 borealia
926 3698 1056 3794 frigora
1072 3693 1200 3778 sentit,

166 3839 1201 3940 Densautur,quaeraremodb3et‚qurelsxa‚colraerent:

166 3984 262 4062 Tum
280 3987 471 4087 gravidum
491 3988 631 4083 pluviae
648 4001 688 4060 et
705 4000 881 4060 concreta
894 3984 1053 4082 coagula
1067 3978 1184 4054 nimbi
