2670 4836
419 532 555 591 unsar
577 534 871 595 srorrnrrsns.
1094 515 1168 589 289

126 794 239 838 DOMO
260 796 369 842 vum
390 800 511 850 eursu·
532 802 632 847 VOCBS
657 802 840 855 SENSUSQUE
869 800 1048 845 NOTARBNT

126 916 329 971 nouimus
350 922 534 968 ΙΙΠΕΠΒΙΒ.

126 1019 249 1095 (ΜΨ,
1013 1028 1169 1080 narres.

126 1277 333 1358 Teneone
349 1310 427 1381 quo
444 1285 605 1382 [nimrim
622 1289 736 1361 vastis
752 1312 873 1361 novus
891 1285 1012 1358 incola
1028 1282 1169 1380 campis

127 1421 211 1498 Ibat
230 1424 355 1512 hom0‚
373 1429 479 1501 stetit
497 1430 576 1523 ipse
594 1430 690 1500 inter
708 1426 890 1499 discordia
907 1448 1027 1499 rerum

127 1563 264 1640 Infelix
284 1569 467 1642 elementa
484 1569 699 1665 effusasque
716 1568 866 1642 aetheris
885 1568 966 1655 iras,

127 1706 291 1794 Nudus;
318 1734 406 1783 eum
424 1710 551 1785 moesti
569 1709 712 1784 circum
731 1711 881 1784 doluere
899 1709 1042 1783 sodales

129 1853 257 1929 Multa
274 1856 507 1930 revolventes
526 1858 628 1931 intus
648 1857 836 1952 taciteque
854 1870 1066 1953 gementes:
1148 1867 1171 1926 ό

129 1993 227 2067 Nam
247 2019 314 2068 nec
334 1995 458 2068 adhuc
477 1996 563 2071 fidae
581 1997 713 2069 solatia
731 2013 861 2071 mutua
880 1997 1032 2094 linguae,
1126 2054 1132 2066 .

131 2133 215 2209 Aut
231 2139 337 2209 suavi
357 2137 518 2211 alternos
537 2138 668 2210 udrant
687 2137 801 2210 lenire
818 2138 963 2210 dolores

130 2276 327 2374 Alloquio,
347 2280 513 2374 proprios
531 2280 697 2352 nondum
717 2256 902 2373 impertire
920 2278 1073 2367 labores,
1123 2278 1130 2293 ⁸

129 2416 214 2491 Aut
230 2419 413 2492 comitum
428 2419 581 2510 junctas
598 2420 669 2493 sibi
689 2420 752 2493 fidi
772 2445 958 2493 assumere
975 2445 1097 2495 curas.

176 2557 231 2632 Ut
250 2559 337 2634 verb
355 2559 507 2655 trepidis
526 2584 658 2657 urgens
677 2563 711 2635 in
732 2562 841 2636 rebus
858 2577 1001 2661 egestas
1130 2569 1174 2635 10

128 2700 253 2774 Jussit
269 2701 434 2775 amicitia
451 2703 589 2797 primos
607 2705 814 2778 coalescere
838 2717 975 2793 coetus,

130 2845 179 2920 Et
191 2845 340 2938 junctis
359 2843 523 2917 habitare
540 2846 634 2917 casis
651 2846 829 2939 sociaque
846 2844 918 2917 sub
933 2845 1075 2928 umbrd,
1195 2866 1197 2870 ⁴

131 2986 416 3081 Nocturnisque
434 2984 566 3080 lupdm
586 2982 743 3057 stabulis
760 2998 920 3055 avertere
939 2983 1055 3055 furem
1073 3012 1083 3067 ;

128 3124 230 3201 Tum
248 3125 410 3221 primirm
426 3127 545 3198 varios
560 3125 672 3197 animi
693 3123 899 3197 describere
916 3100 1060 3209 sensus,

129 3268 216 3343 Aut
232 3282 339 3343 motu
358 3268 572 3365 digitorum,
590 3280 655 3339 aut
674 3269 786 3363 pressi
807 3267 953 3363 pollicis
972 3268 1064 3356 ictu,
1130 3278 1174 3344 15

126 3410 180 3485 Et
198 3412 355 3485 tacitum
373 3412 523 3486 alternis
541 3434 747 3484 sermonem
766 3424 912 3482 nectere
928 3409 1056 3506 signis.

126 3549 231 3626 Tum
251 3552 414 3647 primdm
431 3551 544 3638 foliis,
561 3564 600 3626 et
618 3576 699 3625 raso
717 3552 753 3623 in
773 3550 913 3624 cortice
931 3562 1085 3634 mentes,

129 3693 182 3768 Et
200 3695 336 3769 tacitos
352 3719 486 3768 sensus
505 3719 567 3791 per
585 3691 845 3769 convenientia
861 3691 966 3789 signa

128 3830 364 3932 Depinxisse
381 3860 507 3919 manu,
526 3835 629 3926 molli
650 3834 709 3907 vel
729 3836 873 3906 inurere
889 3832 986 3906 cerd.

181 3975 288 4050 Talia
306 3990 346 4058 et
361 3976 527 4072 antiquis
545 3976 723 4071 impressa
736 3974 896 4073 insignia
913 3975 1029 4048 muris
1129 3984 1178 4048 20

131 4141 229 4199 von.
260 4147 290 4196 1.
644 4142 671 4191 rr
