2670 4836
142 522 217 587 944
446 535 580 590 MusAE
614 531 903 587 ETONENSES.

146 704 384 801 Cognatique
400 716 532 798 patres,
550 706 752 798 eademque
771 701 950 775 ambobus
968 701 1091 797 orig03

196 845 265 918 llte
282 868 362 919 suae
381 845 515 942 dignus
533 846 669 940 stirpis,
689 856 726 914 et
744 844 807 915 illa
822 867 917 916 suae.
1129 854 1188 921 90

147 986 343 1061 Germanis
362 987 450 1059 tulit
469 986 531 1060 illa
548 988 675 1074 duces,
690 1015 867 1089 regesque
884 989 1081 1073 Britannis,

198 1125 331 1200 Libera
347 1128 454 1221 queis
474 1127 637 1220 populus
652 1129 736 1219 jura
754 1128 909 1201 colenda
926 1127 1040 1200 dedit.

150 1273 328 1348 Culmine
345 1273 399 1345 sic
417 1273 564 1366 gemino
581 1275 698 1371 surgit
718 1270 912 1356 Parnasus,
933 1269 1118 1364 habetque

201 1410 341 1507 (Digna
359 1409 451 1482 Deis
470 1410 592 1506 sedes)
613 1413 760 1484 culmen
782 1424 984 1505 utrumque
1001 1408 1116 1482 Deos.

149 1550 278 1622 Viuite
296 1549 441 1622 felices!
473 1565 654 1624 aeternum
674 1553 811 1625 nutriat
828 1553 961 1648 ignem,
1134 1556 1211 1619 95

200 1690 290 1780 Quo
304 1692 381 1781 janr
395 1703 515 1762 vestra
532 1693 654 1763 calent
672 1694 793 1775 corda,
814 1692 982 1787 perennis
1001 1695 1121 1763 amor!

150 1833 239 1906 Non
258 1831 309 1902 ita
326 1829 534 1924 gaudebant
552 1831 733 1916 Britones,
752 1830 839 1903 curn
858 1843 974 1925 nupta
992 1828 1143 1902 rebelles

203 1969 369 2043 chrico
388 1969 532 2040 tandein
549 1969 681 2061 junxit
700 1968 799 2042 Elisa
816 1993 940 2041 rosas:

152 2112 236 2186 Nec
255 2112 339 2205 plus
358 2108 503 2184 laetitiae
523 2110 677 2194 affulsit,
697 2107 786 2181 crim
805 2107 989 2203 Georgius
1006 2107 1082 2180 alto

202 2251 420 2326 Consortern
441 2251 585 2344 accepit
603 2262 651 2338 te,
672 2246 871 2332 Caroletta,
892 2262 983 2321 toro.
1137 2255 1182 2321 80

155 2394 384 2467 Brunsviacd
400 2393 531 2464 similis
549 2390 755 2463 frondescat
772 2389 817 2461 ab
836 2386 1122 2471 arbore-ramus余

202 2533 392 2631 Virgnque
408 2558 644 2607 succrescens
659 2559 765 2606 aurea
784 2558 925 2626 semper
941 2534 1024 2606 erit.

154 2674 296 2768 Sponse
310 2673 463 2745 donrunr
477 2673 619 2756 redeas余
637 2698 705 2745 nec
722 2687 758 2745 te
772 2675 894 2760 nimis,
908 2674 1051 2769 optima
1061 2672 1184 2771 Virgo,

206 2799 393 2886 Poenitest
410 2814 546 2908 patrios
564 2814 767 2888 deseruisse
787 2816 897 2888 lares:

155 2954 265 3030 Unde
278 2979 395 3053 genus
409 2955 532 3042 ducis,
543 2957 654 3030 tellus
669 2956 735 3028 tibi
750 2957 848 3027 avita
864 2957 1023 3050 petenda
1038 2969 1115 3042 est余
1142 2968 1187 3031 35

208 3096 312 3169 Pone
330 3112 463 3183 metus,
482 3102 602 3193 generi
623 3097 753 3169 tradita
771 3096 936 3192 nympha
956 3102 1040 3169 tuo!

158 3236 275 3312 Dives
292 3260 402 3330 aquae
418 3236 607 3331 geminum
620 3238 674 3309 sic
689 3239 770 3309 fons
785 3236 955 3308 discurrit
970 3237 1008 3308 in
1027 3234 1187 3317 alveum,

208 3376 338 3450 Didita
354 3377 499 3451 diverso
517 3378 672 3451 flumine
690 3403 770 3451 rura
787 3378 933 3462 lavans余

159 3516 255 3593 Mox
274 3520 412 3591 coeunt
431 3519 570 3606 latices,
589 3520 784 3613 amnisque
802 3517 985 3590 meatibus
1002 3528 1138 3590 auctus

210 3655 394 3754 Cognatas
407 3659 541 3750 juncto
559 3662 696 3733 vortice
714 3658 831 3732 volvit
848 3683 975 3754 aquas.
1143 3664 1190 3728 40
