<?xml version="1.0" encoding="UTF-8"?>
<!DOCTYPE html PUBLIC "-//W3C//DTD XHTML 1.0 Transitional//EN"
    "http://www.w3.org/TR/xhtml1/DTD/xhtml1-transitional.dtd">
<html xmlns="http://www.w3.org/1999/xhtml" xml:lang="en" lang="en">
 <head>
  <title>
</title>
<meta http-equiv="Content-Type" content="text/html;charset=utf-8" />
  <meta name='ocr-system' content='tesseract 3.04.00' />
  <meta name='ocr-capabilities' content='ocr_page ocr_carea ocr_par ocr_line ocrx_word'/>
</head>
<body>
  <div class='ocr_page' id='page_1' title='image "./musetonensesseu00unkngoog_0188.png"; bbox 0 0 2678 4830; ppageno 0'>
   <div class='ocr_carea' id='block_1_1' title="bbox 442 530 1186 611">
    <p class='ocr_par' dir='ltr' id='par_1_1' title="bbox 442 530 1186 611">
     <span class='ocr_line' id='line_1_1' title="bbox 442 530 1186 611; baseline 0.009 -7"><span class='ocrx_word' id='word_1_1' title='bbox 442 548 576 606; x_wconf 78' lang='lat' dir='ltr'>musn</span> <span class='ocrx_word' id='word_1_2' title='bbox 600 548 890 608; x_wconf 77' lang='lat' dir='ltr'>uuounusns.</span> <span class='ocrx_word' id='word_1_3' title='bbox 1118 530 1186 611; x_wconf 85' lang='lat'>169</span> 
     </span>
    </p>
   </div>
   <div class='ocr_carea' id='block_1_2' title="bbox 153 686 1175 824">
    <p class='ocr_par' dir='ltr' id='par_1_2' title="bbox 153 686 1175 824">
     <span class='ocr_line' id='line_1_2' title="bbox 153 686 1175 824; baseline 0.009 -35"><span class='ocrx_word' id='word_1_4' title='bbox 153 686 251 792; x_wconf 54' lang='lat' dir='ltr'>“At</span> <span class='ocrx_word' id='word_1_5' title='bbox 270 716 335 791; x_wconf 88' lang='lat' dir='ltr'>tibi</span> <span class='ocrx_word' id='word_1_6' title='bbox 355 715 408 792; x_wconf 80' lang='lat' dir='ltr'>Di</span> <span class='ocrx_word' id='word_1_7' title='bbox 426 716 573 793; x_wconf 83' lang='lat' dir='ltr'>meritas</span> <span class='ocrx_word' id='word_1_8' title='bbox 591 723 803 794; x_wconf 67' lang='lat' dir='ltr'>sumant‘de</span> <span class='ocrx_word' id='word_1_9' title='bbox 820 722 996 824; x_wconf 84' lang='lat' dir='ltr'>sanguiue</span> <span class='ocrx_word' id='word_1_10' title='bbox 1014 712 1175 816; x_wconf 38' lang='lat' dir='ltr'>poenasq</span> 
     </span>
    </p>
   </div>
   <div class='ocr_carea' id='block_1_3' title="bbox 109 860 1189 3227">
    <p class='ocr_par' dir='ltr' id='par_1_3' title="bbox 109 860 1189 3227">
     <span class='ocr_line' id='line_1_3' title="bbox 202 860 1029 958; baseline 0.005 -24"><span class='ocrx_word' id='word_1_11' title='bbox 202 871 226 906; x_wconf 92' lang='lat'><strong>“</strong></span> <span class='ocrx_word' id='word_1_12' title='bbox 245 860 374 957; x_wconf 85' lang='lat' dir='ltr'>Siqua</span> <span class='ocrx_word' id='word_1_13' title='bbox 394 876 517 935; x_wconf 87' lang='lat' dir='ltr'>manet</span> <span class='ocrx_word' id='word_1_14' title='bbox 535 862 626 936; x_wconf 87' lang='lat' dir='ltr'>loeso</span> <span class='ocrx_word' id='word_1_15' title='bbox 643 864 699 936; x_wconf 83' lang='lat' dir='ltr'>vis</span> <span class='ocrx_word' id='word_1_16' title='bbox 719 864 910 958; x_wconf 85' lang='lat' dir='ltr'>pietasque</span> <span class='ocrx_word' id='word_1_17' title='bbox 929 864 1029 958; x_wconf 90' lang='lat' dir='ltr'>polo.</span> 
     </span>
     <span class='ocr_line' id='line_1_4' title="bbox 153 1001 1102 1103; baseline 0.004 -28"><span class='ocrx_word' id='word_1_18' title='bbox 153 1014 177 1047; x_wconf 76' lang='lat'>‘⁶</span> <span class='ocrx_word' id='word_1_19' title='bbox 197 1001 275 1094; x_wconf 88' lang='lat' dir='ltr'>Qui</span> <span class='ocrx_word' id='word_1_20' title='bbox 294 1004 385 1076; x_wconf 88' lang='lat' dir='ltr'>ferro</span> <span class='ocrx_word' id='word_1_21' title='bbox 404 1003 531 1078; x_wconf 91' lang='lat' dir='ltr'>tuleris</span> <span class='ocrx_word' id='word_1_22' title='bbox 548 1005 743 1100; x_wconf 83' lang='lat' dir='ltr'>vetitoque</span> <span class='ocrx_word' id='word_1_23' title='bbox 764 1006 954 1103; x_wconf 78' lang='lat' dir='ltr'>(immane)</span> <span class='ocrx_word' id='word_1_24' title='bbox 974 1007 1102 1079; x_wconf 84' lang='lat' dir='ltr'>duello</span> 
     </span>
     <span class='ocr_line' id='line_1_5' title="bbox 199 1143 1149 1246; baseline 0.004 -28"><span class='ocrx_word' id='word_1_25' title='bbox 199 1155 224 1189; x_wconf 75' lang='lat'>‘⁴</span> <span class='ocrx_word' id='word_1_26' title='bbox 244 1143 444 1240; x_wconf 89' lang='lat' dir='ltr'>Rumpere,</span> <span class='ocrx_word' id='word_1_27' title='bbox 463 1170 551 1242; x_wconf 88' lang='lat' dir='ltr'>quae</span> <span class='ocrx_word' id='word_1_28' title='bbox 569 1144 667 1219; x_wconf 88' lang='lat' dir='ltr'>fidus</span> <span class='ocrx_word' id='word_1_29' title='bbox 684 1146 820 1220; x_wconf 86' lang='lat' dir='ltr'>foedera</span> <span class='ocrx_word' id='word_1_30' title='bbox 837 1148 963 1220; x_wconf 84' lang='lat' dir='ltr'><strong>sanxit</strong></span> <span class='ocrx_word' id='word_1_31' title='bbox 982 1146 1149 1246; x_wconf 82' lang='lat' dir='ltr'><strong>Hymen.</strong></span> 
     </span>
     <span class='ocr_line' id='line_1_6' title="bbox 150 1287 1189 1384; baseline 0.007 -23"><span class='ocrx_word' id='word_1_32' title='bbox 150 1296 174 1332; x_wconf 81' lang='lat'>‘⁴</span> <span class='ocrx_word' id='word_1_33' title='bbox 190 1287 320 1362; x_wconf 83' lang='lat' dir='ltr'>Redde</span> <span class='ocrx_word' id='word_1_34' title='bbox 334 1293 454 1363; x_wconf 85' lang='lat' dir='ltr'>virum</span> <span class='ocrx_word' id='word_1_35' title='bbox 469 1297 640 1384; x_wconf 87' lang='lat' dir='ltr'>sponsae!</span> <span class='ocrx_word' id='word_1_36' title='bbox 665 1291 852 1365; x_wconf 86' lang='lat' dir='ltr'>connubia</span> <span class='ocrx_word' id='word_1_37' title='bbox 865 1292 975 1367; x_wconf 86' lang='lat' dir='ltr'>redde</span> <span class='ocrx_word' id='word_1_38' title='bbox 989 1292 1119 1366; x_wconf 88' lang='lat' dir='ltr'>sorori!</span> <span class='ocrx_word' id='word_1_39' title='bbox 1140 1301 1189 1368; x_wconf 74' lang='lat'>2⁶</span> 
     </span>
     <span class='ocr_line' id='line_1_7' title="bbox 198 1418 1149 1541; baseline 0.005 -36"><span class='ocrx_word' id='word_1_40' title='bbox 198 1439 222 1473; x_wconf 91' lang='lat'><strong>“</strong></span> <span class='ocrx_word' id='word_1_41' title='bbox 243 1432 318 1505; x_wconf 92' lang='lat' dir='ltr'>Hei</span> <span class='ocrx_word' id='word_1_42' title='bbox 339 1433 452 1507; x_wconf 88' lang='lat' dir='ltr'>mihi!</span> <span class='ocrx_word' id='word_1_43' title='bbox 482 1431 560 1527; x_wconf 73' lang='lat' dir='ltr'>qud</span> <span class='ocrx_word' id='word_1_44' title='bbox 578 1433 753 1506; x_wconf 89' lang='lat' dir='ltr'>miserum</span> <span class='ocrx_word' id='word_1_45' title='bbox 770 1418 920 1505; x_wconf 87' lang='lat' dir='ltr'>nescius</span> <span class='ocrx_word' id='word_1_46' title='bbox 939 1456 1036 1541; x_wconf 90' lang='lat' dir='ltr'>error</span> <span class='ocrx_word' id='word_1_47' title='bbox 1052 1433 1149 1530; x_wconf 81' lang='lat' dir='ltr'>agit!</span> 
     </span>
     <span class='ocr_line' id='line_1_8' title="bbox 150 1572 1048 1674; baseline 0.003 -28"><span class='ocrx_word' id='word_1_48' title='bbox 150 1584 174 1618; x_wconf 89' lang='lat'>“</span> <span class='ocrx_word' id='word_1_49' title='bbox 193 1572 264 1647; x_wconf 91' lang='lat' dir='ltr'>Ille</span> <span class='ocrx_word' id='word_1_50' title='bbox 282 1577 411 1669; x_wconf 89' lang='lat' dir='ltr'>procul</span> <span class='ocrx_word' id='word_1_51' title='bbox 428 1574 539 1671; x_wconf 84' lang='lat' dir='ltr'>gelidi</span> <span class='ocrx_word' id='word_1_52' title='bbox 558 1576 665 1672; x_wconf 81' lang='lat' dir='ltr'>friget</span> <span class='ocrx_word' id='word_1_53' title='bbox 682 1575 755 1649; x_wconf 69' lang='lat' dir='ltr'>sub‘</span> <span class='ocrx_word' id='word_1_54' title='bbox 772 1577 931 1674; x_wconf 85' lang='lat' dir='ltr'>tegmine</span> <span class='ocrx_word' id='word_1_55' title='bbox 944 1576 1048 1666; x_wconf 76' lang='lat' dir='ltr'>cmii,</span> 
     </span>
     <span class='ocr_line' id='line_1_9' title="bbox 197 1716 968 1794; baseline 0.004 -5"><span class='ocrx_word' id='word_1_56' title='bbox 197 1728 221 1762; x_wconf 74' lang='lat'>‘⁴</span> <span class='ocrx_word' id='word_1_57' title='bbox 241 1716 365 1791; x_wconf 89' lang='lat' dir='ltr'>Fusus</span> <span class='ocrx_word' id='word_1_58' title='bbox 383 1718 426 1789; x_wconf 83' lang='lat' dir='ltr'>ad</span> <span class='ocrx_word' id='word_1_59' title='bbox 447 1717 588 1791; x_wconf 86' lang='lat' dir='ltr'>hiberni</span> <span class='ocrx_word' id='word_1_60' title='bbox 609 1720 725 1792; x_wconf 87' lang='lat' dir='ltr'>tristia</span> <span class='ocrx_word' id='word_1_61' title='bbox 743 1719 856 1792; x_wconf 82' lang='lat' dir='ltr'>flabra</span> <span class='ocrx_word' id='word_1_62' title='bbox 874 1720 968 1794; x_wconf 87' lang='lat' dir='ltr'>noti.</span> 
     </span>
     <span class='ocr_line' id='line_1_10' title="bbox 109 1830 1185 1959; baseline 0.004 -26"><span class='ocrx_word' id='word_1_63' title='bbox 109 1915 113 1923; x_wconf 80' lang='lat'>.</span> <span class='ocrx_word' id='word_1_64' title='bbox 147 1857 332 1957; x_wconf 85' lang='lat' dir='ltr'>“Dignus</span> <span class='ocrx_word' id='word_1_65' title='bbox 346 1874 383 1932; x_wconf 88' lang='lat' dir='ltr'>at</span> <span class='ocrx_word' id='word_1_66' title='bbox 394 1860 456 1933; x_wconf 90' lang='lat' dir='ltr'>ille</span> <span class='ocrx_word' id='word_1_67' title='bbox 469 1862 1024 1959; x_wconf 78' lang='lat' dir='ltr'>tamen‚cnisceptrumdextra</span> <span class='ocrx_word' id='word_1_68' title='bbox 1034 1830 1185 1954; x_wconf 84' lang='lat' dir='ltr'>teneret,</span> 
     </span>
     <span class='ocr_line' id='line_1_11' title="bbox 191 1981 1186 2101; baseline 0.005 -28"><span class='ocrx_word' id='word_1_69' title='bbox 191 2007 216 2044; x_wconf 90' lang='lat'>“</span> <span class='ocrx_word' id='word_1_70' title='bbox 227 1999 532 2090; x_wconf 83' lang='lat' dir='ltr'>Quemtrenreret</span> <span class='ocrx_word' id='word_1_71' title='bbox 544 2001 701 2073; x_wconf 91' lang='lat' dir='ltr'>summis</span> <span class='ocrx_word' id='word_1_72' title='bbox 714 1981 1123 2101; x_wconf 52' lang='lat' dir='ltr'>Romesuperbajugisi</span> <span class='ocrx_word' id='word_1_73' title='bbox 1137 2014 1186 2078; x_wconf 82' lang='grc'>30</span> 
     </span>
     <span class='ocr_line' id='line_1_12' title="bbox 146 2138 1186 2240; baseline 0.006 -27"><span class='ocrx_word' id='word_1_74' title='bbox 146 2140 288 2233; x_wconf 84' lang='lat' dir='ltr'>“Quid</span> <span class='ocrx_word' id='word_1_75' title='bbox 303 2140 431 2235; x_wconf 86' lang='lat' dir='ltr'>patriae</span> <span class='ocrx_word' id='word_1_76' title='bbox 444 2141 534 2212; x_wconf 90' lang='lat' dir='ltr'>mihi</span> <span class='ocrx_word' id='word_1_77' title='bbox 543 2162 660 2213; x_wconf 86' lang='lat' dir='ltr'>vanus</span> <span class='ocrx_word' id='word_1_78' title='bbox 672 2140 813 2216; x_wconf 86' lang='lat' dir='ltr'>honor?</span> <span class='ocrx_word' id='word_1_79' title='bbox 829 2141 934 2234; x_wconf 88' lang='lat' dir='ltr'>Quid</span> <span class='ocrx_word' id='word_1_80' title='bbox 941 2138 1054 2239; x_wconf 84' lang='lat' dir='ltr'>gloria</span> <span class='ocrx_word' id='word_1_81' title='bbox 1065 2142 1186 2240; x_wconf 84' lang='lat' dir='ltr'>regni?</span> 
     </span>
     <span class='ocr_line' id='line_1_13' title="bbox 195 2278 1086 2377; baseline 0.001 -26"><span class='ocrx_word' id='word_1_82' title='bbox 195 2289 219 2324; x_wconf 87' lang='lat'><strong>“</strong></span> <span class='ocrx_word' id='word_1_83' title='bbox 239 2278 305 2351; x_wconf 90' lang='lat' dir='ltr'>Me</span> <span class='ocrx_word' id='word_1_84' title='bbox 324 2279 513 2353; x_wconf 87' lang='lat' dir='ltr'>miseram!</span> <span class='ocrx_word' id='word_1_85' title='bbox 544 2279 671 2352; x_wconf 85' lang='lat' dir='ltr'>luctus</span> <span class='ocrx_word' id='word_1_86' title='bbox 690 2280 846 2377; x_wconf 82' lang='lat' dir='ltr'>integrat</span> <span class='ocrx_word' id='word_1_87' title='bbox 865 2279 927 2351; x_wconf 85' lang='lat' dir='ltr'>illa</span> <span class='ocrx_word' id='word_1_88' title='bbox 944 2278 1086 2354; x_wconf 91' lang='lat' dir='ltr'>meos.”</span> 
     </span>
     <span class='ocr_line' id='line_1_14' title="bbox 146 2420 1134 2517; baseline -0.004 -20"><span class='ocrx_word' id='word_1_89' title='bbox 146 2420 221 2497; x_wconf 89' lang='lat' dir='ltr'>Cui</span> <span class='ocrx_word' id='word_1_90' title='bbox 240 2422 358 2505; x_wconf 85' lang='lat' dir='ltr'>frater,</span> <span class='ocrx_word' id='word_1_91' title='bbox 378 2421 517 2517; x_wconf 72' lang='lat' dir='ltr'>(neque</span> <span class='ocrx_word' id='word_1_92' title='bbox 533 2420 632 2493; x_wconf 86' lang='lat' dir='ltr'>enim</span> <span class='ocrx_word' id='word_1_93' title='bbox 649 2420 797 2495; x_wconf 65' lang='lat' dir='ltr'>modici</span> <span class='ocrx_word' id='word_1_94' title='bbox 809 2420 887 2512; x_wconf 85' lang='lat' dir='ltr'>jam</span> <span class='ocrx_word' id='word_1_95' title='bbox 902 2422 1065 2516; x_wconf 86' lang='lat' dir='ltr'>percitus</span> <span class='ocrx_word' id='word_1_96' title='bbox 1083 2421 1134 2495; x_wconf 70' lang='lat' dir='ltr'>ird</span> 
     </span>
     <span class='ocr_line' id='line_1_15' title="bbox 196 2562 892 2659; baseline -0.006 -21"><span class='ocrx_word' id='word_1_97' title='bbox 196 2563 331 2638; x_wconf 88' lang='lat' dir='ltr'>Audiit</span> <span class='ocrx_word' id='word_1_98' title='bbox 350 2563 496 2636; x_wconf 84' lang='lat' dir='ltr'>insanas</span> <span class='ocrx_word' id='word_1_99' title='bbox 512 2563 741 2659; x_wconf 87' lang='lat' dir='ltr'>increpuisse</span> <span class='ocrx_word' id='word_1_100' title='bbox 755 2562 892 2658; x_wconf 74' lang='lat' dir='ltr'>minas)</span> 
     </span>
     <span class='ocr_line' id='line_1_16' title="bbox 144 2700 1160 2802; baseline -0.003 -23"><span class='ocrx_word' id='word_1_101' title='bbox 144 2718 170 2753; x_wconf 86' lang='lat'>“</span> <span class='ocrx_word' id='word_1_102' title='bbox 190 2706 244 2779; x_wconf 86' lang='lat' dir='ltr'>At</span> <span class='ocrx_word' id='word_1_103' title='bbox 260 2703 340 2790; x_wconf 89' lang='lat' dir='ltr'>tibi,</span> <span class='ocrx_word' id='word_1_104' title='bbox 358 2726 472 2800; x_wconf 84' lang='lat' dir='ltr'>quam</span> <span class='ocrx_word' id='word_1_105' title='bbox 488 2702 612 2802; x_wconf 86' lang='lat' dir='ltr'>generi</span> <span class='ocrx_word' id='word_1_106' title='bbox 629 2702 735 2776; x_wconf 80' lang='lat' dir='ltr'>fisum</span> <span class='ocrx_word' id='word_1_107' title='bbox 752 2714 789 2776; x_wconf 90' lang='lat' dir='ltr'>et</span> <span class='ocrx_word' id='word_1_108' title='bbox 803 2700 1037 2794; x_wconf 90' lang='lat' dir='ltr'>juvenilibus</span> <span class='ocrx_word' id='word_1_109' title='bbox 1054 2703 1160 2777; x_wconf 84' lang='lat' dir='ltr'>annis</span> 
     </span>
     <span class='ocr_line' id='line_1_17' title="bbox 195 2842 1181 2942; baseline -0.001 -23"><span class='ocrx_word' id='word_1_110' title='bbox 195 2857 218 2892; x_wconf 74' lang='lat'>‘⁶</span> <span class='ocrx_word' id='word_1_111' title='bbox 236 2844 325 2919; x_wconf 91' lang='lat' dir='ltr'>Non</span> <span class='ocrx_word' id='word_1_112' title='bbox 344 2846 459 2942; x_wconf 89' lang='lat' dir='ltr'>pudet</span> <span class='ocrx_word' id='word_1_113' title='bbox 478 2842 635 2916; x_wconf 82' lang='lat' dir='ltr'>Albanis</span> <span class='ocrx_word' id='word_1_114' title='bbox 653 2842 858 2916; x_wconf 89' lang='lat' dir='ltr'>indoluisse</span> <span class='ocrx_word' id='word_1_115' title='bbox 875 2842 993 2926; x_wconf 89' lang='lat' dir='ltr'>malis,</span> <span class='ocrx_word' id='word_1_116' title='bbox 1134 2846 1181 2918; x_wconf 83' lang='lat'>86</span> 
     </span>
     <span class='ocr_line' id='line_1_18' title="bbox 140 2958 1186 3084; baseline -0.01 -21"><span class='ocrx_word' id='word_1_117' title='bbox 140 3002 171 3036; x_wconf 66' lang='lat'>&#39;⁶⁸</span> <span class='ocrx_word' id='word_1_118' title='bbox 188 2989 273 3084; x_wconf 89' lang='lat' dir='ltr'>Ipse</span> <span class='ocrx_word' id='word_1_119' title='bbox 284 3009 412 3060; x_wconf 88' lang='lat' dir='ltr'>necem</span> <span class='ocrx_word' id='word_1_120' title='bbox 424 2983 629 3058; x_wconf 85' lang='lat' dir='ltr'>inveniam:</span> <span class='ocrx_word' id='word_1_121' title='bbox 647 2981 769 3078; x_wconf 82' lang='lat' dir='ltr'>magui</span> <span class='ocrx_word' id='word_1_122' title='bbox 780 2994 890 3054; x_wconf 84' lang='lat' dir='ltr'>vocat</span> <span class='ocrx_word' id='word_1_123' title='bbox 902 2979 1029 3054; x_wconf 81' lang='lat' dir='ltr'>u&#39;m&#39;bre</span> <span class='ocrx_word' id='word_1_124' title='bbox 1040 2958 1158 3055; x_wconf 72' lang='lat' dir='ltr'>meriti</span> <span class='ocrx_word' id='word_1_125' title='bbox 1169 2988 1186 3069; x_wconf 76' lang='lat'>3⁵</span> 
     </span>
     <span class='ocr_line' id='line_1_19' title="bbox 194 3120 1068 3227; baseline -0.015 -19"><span class='ocrx_word' id='word_1_126' title='bbox 194 3138 220 3177; x_wconf 60' lang='lat'>²⁴</span> <span class='ocrx_word' id='word_1_127' title='bbox 239 3131 270 3220; x_wconf 90' lang='grc' dir='ltr'>Ι,</span> <span class='ocrx_word' id='word_1_128' title='bbox 287 3153 441 3227; x_wconf 90' lang='lat' dir='ltr'>sequere</span> <span class='ocrx_word' id='word_1_129' title='bbox 457 3127 645 3226; x_wconf 85' lang='lat' dir='ltr'>egregium</span> <span class='ocrx_word' id='word_1_130' title='bbox 662 3124 737 3213; x_wconf 83' lang='lat' dir='ltr'>fid&#39;a</span> <span class='ocrx_word' id='word_1_131' title='bbox 752 3122 878 3218; x_wconf 84' lang='lat' dir='ltr'>puella</span> <span class='ocrx_word' id='word_1_132' title='bbox 894 3123 1015 3197; x_wconf 88' lang='lat' dir='ltr'>virum</span> <span class='ocrx_word' id='word_1_133' title='bbox 1029 3120 1068 3195; x_wconf 91' lang='lat'>!”</span> 
     </span>
    </p>
   </div>
   <div class='ocr_carea' id='block_1_4' title="bbox 0 0 1344 4830">
    <p class='ocr_par' dir='ltr' id='par_1_4' title="bbox 0 0 1344 4830">
     <span class='ocr_line' id='line_1_20' title="bbox 0 0 1344 4830; baseline 0 4"><span class='ocrx_word' id='word_1_134' title='bbox 0 0 1344 4830; x_wconf 95' lang='lat' dir='ltr'> </span> 
     </span>
    </p>
   </div>
  </div>
 </body>
</html>
