2670 4836
450 528 586 586 MUSAE
618 528 907 590 ETONENSES.
1144 520 1188 589 81

141 698 206 774 Et
231 700 329 774 votis
345 699 455 773 duras
473 715 510 773 et
527 702 684 775 vocibus
700 702 860 777 obstruit
876 726 996 790 aures,

209 838 406 936 Colloquii
426 840 531 916 luctu
548 844 810 940 suppeditante
824 842 938 916 vices.

153 980 333 1059 Forsitan
351 998 388 1056 et
406 985 522 1057 nimio
540 987 654 1058 vitam
671 984 882 1058 exhalasset
898 1008 1031 1072 amore,

132 1116 143 1141 ⁰
213 1126 268 1200 Ut
284 1128 362 1201 leto
380 1128 496 1222 possit
514 1126 706 1200 nobilitare
723 1126 848 1201 fidem.

172 1258 362 1343 Murmura
382 1268 524 1341 vicinos
542 1268 581 1340 nl
600 1268 853 1361 pervenientia
872 1269 977 1341 lucos
1152 1280 1200 1345 2⁶

221 1407 385 1485 Senserat
402 1410 576 1484 excubiis
594 1411 699 1483 miles
716 1411 843 1483 adesse
857 1412 962 1486 suia..

186 1542 368 1645 Accurrit3
395 1551 583 1649 longeque
599 1552 696 1624 inter
711 1565 850 1625 secreta
867 1553 1043 1648 sepulcri,

226 1688 347 1764 Flebat
367 1691 404 1763 iu
423 1691 639 1763 extinctum
656 1691 824 1787 nympha
839 1692 978 1767 reflexa
996 1695 1129 1769 virum.

188 1824 283 1905 Miles
299 1855 428 1905 amans
447 1831 555 1920 vidit,
581 1831 689 1926 periit
708 1831 842 1906 simul:
869 1835 981 1906 auxit
996 1858 1155 1910 amorem
1253 1890 1259 1899 .

225 1971 338 2048 Gutta
359 1997 423 2069 per
440 1975 618 2069 ingenuas
637 1972 797 2068 plurima
813 1970 916 2067 lapsa
931 1997 1056 2071 genas.
1157 1988 1206 2055 30

190 2112 288 2191 Heu!
329 2118 423 2213 quid
451 2115 565 2213 agat?
604 2139 715 2211 prece
730 2114 807 2210 qul
837 2130 1040 2195 matronam
1071 2116 1208 2193 ambire

269 2257 472 2342 dolentem,

224 2396 282 2470 Ad
300 2422 370 2470 sua
386 2419 463 2491 quo
479 2394 606 2468 studio
624 2394 773 2469 flectere
788 2407 876 2469 vota
891 2396 1012 2471 velit?

181 2536 284 2613 Astat
302 2562 415 2625 amor,
444 2536 700 2634 nymphaeque
716 2535 792 2610 alta
807 2538 851 2610 ad
871 2540 1072 2634 praecordia
1088 2542 1183 2637 repit
1199 2571 1209 2629 ς

224 2681 270 2757 Et
286 2680 506 2755 matronales
522 2679 701 2754 erubuere
717 2703 839 2777 genae.

178 2822 297 2899 Sensit
310 2836 470 2919 uterque
482 2822 595 2897 simul
609 2825 746 2912 victus,
763 2825 972 2921 pariterque
982 2826 1150 2901 calentes
1162 2842 1210 2905 35

226 2965 429 3049 Connubio
445 2967 573 3041 furtim
591 2966 812 3041 consuluere
830 2991 941 3042 novo.

178 3107 282 3185 Dura
298 3119 417 3186 uxor!
447 3112 571 3207 potuit
589 3134 678 3207 quae
696 3132 773 3185 non
791 3106 1004 3184 meminisse
1021 3112 1139 3186 mariti
1155 3142 1165 3199 ;

229 3248 389 3328 Durior!
418 3253 462 3326 ad
483 3250 674 3327 tumulum
692 3273 781 3347 quae
801 3250 938 3325 violare
954 3248 1078 3325 fidem.
1150 3317 1154 3325 ,
