2670 4836
153 507 220 571 140
443 521 576 578 MUSAE
601 521 890 578 ETONENSES.

150 692 360 793 Humorem
376 694 579 788 accipiunt,
593 695 658 790 qui
675 696 776 767 lento
793 710 859 767 aut
876 695 1019 792 glutine
1033 696 1129 775 roris
1143 709 1193 771 45
1210 764 1216 777 ,

150 837 232 908 Aut
251 835 395 930 gelidus
412 834 537 907 crebro
555 834 654 906 cadit
674 836 810 928 impete
828 833 1014 929 grandinis
1029 833 1164 910 imber.

149 975 186 1050 Si
209 991 353 1071 pateant
373 1001 495 1071 parvm
510 978 628 1071 campi
651 1001 712 1072 per
732 977 856 1049 hiulca
874 1000 1057 1061 cavernae,

151 1121 372 1216 Hospitium
389 1123 587 1205 undarum:
619 1139 748 1194 tenues
767 1124 926 1215 ingressa
943 1135 1088 1193 meatus

150 1263 270 1337 Gutta
289 1265 447 1360 liquens,
464 1263 604 1336 bibulae
624 1286 686 1355 per
703 1286 776 1333 rara
792 1261 965 1332 foramina
980 1275 1086 1334 tenae

149 1404 319 1478 Insinuat
337 1428 417 1477 sese
434 1404 570 1477 furtivo
590 1403 729 1475 lubrica
749 1402 850 1494 lapsu
1143 1414 1195 1478 50

150 1546 334 1621 Paulatim
352 1576 361 1629 ;
387 1546 424 1617 in
442 1545 594 1640 graciles
612 1545 717 1615 susus
734 1568 799 1615 ceu
821 1568 973 1637 corpore
991 1568 1105 1618 venas

148 1688 186 1762 It
203 1688 366 1783 sanguis,
382 1687 527 1780 totique
543 1687 631 1757 facit
649 1687 868 1758 commercia
885 1687 987 1760 moli.

150 1831 246 1905 Rara
260 1832 323 1900 diu
340 1844 508 1924 angustae
526 1826 675 1899 subiens
692 1828 875 1922 spiracula
891 1828 1024 1924 glebae,
1074 1866 1076 1870 ·

151 1972 222 2047 Per
241 1975 349 2044 rimas
367 1970 562 2054 clivorum,
582 1984 619 2040 et
637 1992 739 2041 caeca
757 1969 793 2040 in
814 1968 1005 2042 montibus
1020 1983 1127 2042 antra

150 2115 305 2209 Irrepit;
329 2115 449 2186 donec
469 2112 604 2185 summi
625 2111 825 2205 penetralia
843 2112 968 2197 sontis,
1143 2127 1192 2189 55

149 2254 481 2354 Lympharumque
498 2253 640 2336 domos,
661 2253 849 2346 undaeque
869 2252 958 2324 udas
978 2253 1179 2347 apothecas

105 2383 107 2387 ’
148 2394 626 2488 Paianion-scatebrisque
653 2411 858 2488 exceptum
887 2394 1093 2466 immisceat
1119 2397 1192 2467 im·

148 2538 278 2630 Fontis
294 2538 370 2620 ubi,
390 2536 523 2613 aestivo
542 2561 635 2630 pene
652 2536 840 2609 exsiccata
857 2536 988 2621 calore,
1031 2518 1033 2522 ⁸
1051 2534 1189 2636 [brem.

147 2682 225 2755 Vix
245 2685 368 2777 riguos
386 2683 539 2755 volvens
560 2681 700 2767 latices,
718 2681 813 2754 bibit
833 2683 932 2755 unda
949 2696 1116 2756 recentes

146 2824 355 2898 Thesauros
370 2826 593 2920 pluviarum,
608 2838 645 2897 et
660 2826 831 2920 aquatica
846 2827 1120 2920 supplementa,
1140 2832 1190 2903 60

147 2965 217 3041 Per
233 2968 329 3062 ripas
347 2968 489 3042 dudum
510 2981 662 3054 arentes,
682 2968 873 3064 lectosque
891 2970 1040 3042 relictos

145 3107 291 3181 Scindit
309 3110 378 3182 iter
396 3110 556 3182 vitreum
573 3139 582 3193 3
609 3110 710 3204 puris
729 3110 815 3183 laeta
829 3135 911 3182 arva
929 3110 1084 3184 fluentis

145 3249 350 3338 Fecundam,
366 3252 573 3344 laticesque
591 3268 695 3348 urget
712 3277 775 3346 per
792 3279 873 3327 rura
892 3277 1086 3348 perennes.

146 3390 227 3463 Has
246 3412 374 3466 causas
394 3392 609 3476 fluviorum,
628 3418 832 3489 arcanaque
851 3394 1013 3483 vincula,
1034 3396 1157 3469 fontes

146 3528 247 3619 Quae
260 3533 421 3622 junxere
440 3536 541 3620 mari,
562 3535 733 3608 humanis
751 3536 906 3609 seclusit
923 3536 1054 3610 ocellis
1139 3538 1189 3612 65

145 3665 237 3739 Alta
254 3671 317 3743 diu
338 3677 456 3749 nubes
471 3706 479 3760 ;
506 3693 647 3751 veteres
663 3677 805 3751 finxere
824 3693 945 3773 poetae

142 3806 318 3901 Naiadas,
339 3816 635 3916 Nymphasquc;
662 3821 805 3894 illarum
822 3822 934 3894 fertur
949 3820 993 3892 ab
1015 3821 1119 3895 urnis

143 3941 377 4031 Profluxisse
395 3985 545 4047 amnes3
573 3962 646 4036 illis
663 3963 867 4063 gratissima
886 3988 972 4037 cura
