2678 4830
148 530 222 597 989
385 605 390 613 ⁸
447 547 583 603 MUSAE
611 546 909 615 mortanam.

150 727 173 759 “
194 716 423 812 Perplexum
440 719 636 815 peragratis
654 719 735 809 iter,
754 734 928 798 resonate
946 744 1018 816 per
1035 717 1142 794 orbes

151 865 175 901 “
196 854 386 930 AEtherios
404 857 553 952 plausu,
571 860 763 954 festosque
779 859 952 933 attollite
969 873 1123 933 cantus.

201 998 520 1095 “Jamquesuper
531 1000 717 1096 sphaeram
728 1001 1190 1096 stelliserrautibusaptau
1220 968 1222 1067 l

151 1154 175 1186 “
194 1140 380 1216 Cantetur
399 1143 517 1228 Deus,
538 1145 601 1216 ille
616 1142 737 1228 Deus,
751 1144 820 1239 qui
835 1144 992 1239 primus
1003 1144 1138 1240 abysso
1157 1151 1189 1214 tt
1220 1128 1222 1161 ³

149 1293 174 1326 ‘⁴
194 1283 346 1357 Informi
368 1283 607 1369 harmoniam,
626 1298 664 1355 et
683 1284 807 1356 lucem
824 1307 876 1356 ex
895 1284 1070 1380 caligine
1086 1283 1189 1356 duxit

200 1435 223 1468 ‘⁶
239 1425 275 1497 0
292 1425 487 1508 elementa,
500 1446 639 1498 emersa
653 1424 760 1510 chao,
778 1425 1041 1520 princepsque
1053 1422 1188 1499 recentis
1220 1394 1222 1399 ¹

151 1579 175 1611 ‘⁶
195 1566 354 1638 Naturae
376 1583 515 1658 partus,
534 1553 624 1659 quae
643 1589 710 1638 vos
727 1565 913 1660 primaeva
925 1567 1099 1641 creatrix

150 1720 173 1753 “
194 1709 366 1780 Alterum
385 1709 430 1780 ab
449 1709 601 1780 alterius
620 1709 720 1781 varii
736 1709 942 1781 indiscreta
966 1709 1090 1808 ligura
1132 1706 1140 1721 ’
1220 1802 1222 1815 Ι

149 1861 174 1893 “
194 1849 601 1943 Finxit‚dissitnilique
616 1850 718 1920 dedit
736 1850 948 1923 coalescere
969 1869 1096 1926 motu.
1152 1858 1185 1924 50
1220 1882 1222 1923 τ

150 2004 174 2036 “
193 1992 229 2064 0
250 1993 330 2088 qui,
351 2007 387 2063 te
403 1992 555 2063 fratrum
574 1993 768 2065 communi
786 1994 933 2065 semine
954 1997 1122 2068 miscens

72 2098 76 2104 Ι
150 2146 174 2182 “
195 2132 285 2219 Aer,
303 2134 541 2230 quadruplici
558 2133 699 2205 circum
718 2136 903 2230 vortigiue
919 2137 1049 2211 curris

150 2290 174 2322 “
194 2278 295 2353 Cum
313 2280 438 2367 sociis,
458 2280 654 2374 putrisque
672 2279 746 2372 pari
766 2279 881 2370 simul
899 2282 1036 2355 omnia
1054 2293 1161 2363 oratu,

149 2435 173 2467 “
192 2422 325 2517 Usque
342 2447 457 2494 novas
477 2422 631 2504 varians,
651 2437 715 2495 tua
732 2420 945 2518 vectigalia,
965 2422 1102 2497 laudea

149 2576 172 2606 “
192 2566 303 2638 Solve
324 2564 418 2638 Deo.
472 2564 636 2638 Nebulae
655 2577 800 2647 tenues,
820 2565 1002 2660 caecique
1022 2589 1170 2661 vapores,

147 2716 172 2751 ‘⁶
192 2705 296 2798 Quae
309 2708 416 2779 lusco
430 2707 477 2779 de
494 2721 621 2780 monte
636 2709 768 2803 procul
783 2705 964 2780 bibulave
978 2711 1120 2804 palude
1149 2707 1183 2783 56
1220 2794 1222 2814 Ι

147 2856 171 2890 “
191 2847 354 2920 Fumum
373 2847 570 2931 exhalatis,
588 2849 737 2921 sinuato
754 2852 939 2943 assurgite
956 2848 1074 2924 flexa

147 3001 170 3034 “
191 2989 343 3063 Numen
362 2988 566 3072 adorantes,
585 2989 677 3060 dum
695 2988 765 3075 sol,
784 2987 973 3063 nebulosa
988 2993 1154 3066 relaxans

144 3143 168 3177 “
188 3128 430 3222 spiramenta,
450 3152 540 3200 auro
559 3127 754 3200 candentia
770 3127 942 3200 culmina
958 3133 1115 3230 plagata

145 3283 169 3314 “
189 3269 268 3343 Vos
286 3295 309 3342 ο
330 3269 411 3366 (seu
432 3269 532 3341 varia
549 3269 730 3343 decoratis
750 3271 876 3343 inania
892 3271 1013 3362 nube,
1146 3272 1178 3344 60

144 3420 168 3454 ‘⁶
187 3409 274 3484 Sive
292 3434 355 3505 per
371 3421 514 3482 arentes
528 3410 753 3484 descenditis
769 3410 955 3486 imbribus
971 3415 1097 3513 agros)

145 3563 169 3596 ‘⁶
187 3552 387 3649 surgentes
405 3552 615 3646 pariterque
635 3551 761 3624 Deum
778 3551 966 3627 celebrate
983 3519 1162 3630 cadentes

167 3670 171 3677 ’
195 3703 218 3736 “
237 3691 354 3763 Illum
367 3693 493 3777 etiam,
508 3692 642 3787 liquidi
657 3693 790 3777 fontes,
807 3693 875 3788 qui
891 3694 1051 3770 volvitis
1064 3698 1179 3770 almam

143 3844 167 3879 ‘⁴
188 3831 296 3906 Prata
314 3855 377 3926 per
393 3845 432 3904 et
449 3857 559 3905 cursu
580 3834 784 3929 vitreisque
802 3835 1001 3911 canalibus
1020 3840 1161 3924 undam,
1218 3830 1221 3847 '

141 3987 165 4018 “
188 3972 249 4045 Ad
267 3995 369 4044 mare
384 3975 595 4067 praecjpites
610 3972 716 4068 lapsu
735 3987 939 4048 memorate
953 3974 1120 4074 loquaci.
1144 3976 1179 4046 65
