2670 4836
241 498 290 573 70
524 517 658 577 unse
686 491 975 583 aronaas'rs.

554 792 618 869 Tria
632 791 756 887 μνῆσαι,
775 790 840 881 φίλε
856 793 962 868 rinnon.

244 967 340 1023 uerit.

240 1258 361 1349 Qurn
381 1256 411 1327 ei
431 1253 580 1328 letiferis
598 1253 719 1329 fatalia
737 1256 872 1347 pocula
889 1254 1013 1328 succis

288 1397 448 1472 Misceat
466 1397 502 1469 in
520 1396 642 1492 generi
660 1420 763 1477 eaeva
780 1421 935 1469 noverca
954 1397 1110 1478 neceml

241 1539 345 1633 Quid
363 1539 391 1615 si
412 1537 551 1610 crudeli
569 1562 728 1611 renuens
745 1560 869 1630 parere
887 1563 1056 1621 novercae

286 1681 462 1778 Negligat
480 1685 580 1754 iratae
594 1680 701 1770 jussa
718 1704 841 1754 severa
859 1682 995 1777 gener?

238 1822 326 1896 Non
347 1823 396 1892 ita
416 1845 501 1915 quae
523 1845 627 1893 veros
647 1820 806 1897 Lucinae
824 1837 979 1916 experta
995 1821 1139 1899 labores
1248 1840 1274 1905 6

286 1963 471 2060 Exiguam
491 1965 630 2058 prolem
647 1964 775 2038 sedula
795 1980 908 2038 mater
926 1966 1004 2039 alit.

236 2104 324 2180 Non
343 2106 393 2177 ita
413 2122 573 2179 maturos
591 2132 704 2199 quern
723 2107 796 2182 fide
814 2105 948 2181 eduxit
965 2106 1010 2177 ad
1029 2130 1159 2196 annon,

286 2246 413 2338 Quem
432 2248 578 2342 proprio
597 2260 712 2319 mater
729 2245 823 2318 fovit
839 2247 956 2318 amica
974 2247 1075 2337 sinu.

235 2390 388 2484 Quippe
407 2389 539 2459 animis
559 2388 690 2480 pariter
708 2400 836 2460 natura
852 2389 1048 2463 resuscitat
1064 2387 1199 2487 ignem,

283 2529 333 2603 Et
350 2528 648 2624 consanguineus
666 2538 815 2620 pectora
832 2530 947 2624 tangit
965 2555 1080 2608 arnor.
1203 2532 1205 2537 ’
1226 2543 1271 2610 10

234 2671 387 2745 Solicita
406 2670 570 2753 ambitio,
589 2669 767 2744 vindictae
786 2671 912 2745 insana
928 2674 1080 2768 cupido,

284 2812 417 2908 Iraque
436 2811 665 2906 praecipitem
683 2813 783 2910 cogit
802 2813 839 2886 in
858 2839 955 2887 arma
971 2816 1120 2891 ducem.
1178 2860 1182 2870 ·

234 2956 334 3051 Qnae
349 2956 472 3030 mora?
492 2955 663 3027 maternis
675 2955 879 3028 etiamnum
890 2956 1127 3051 amplexibus
1138 2955 1267 3048 haeret,

280 3100 363 3173 Nec
381 3098 470 3171 sinit
487 3124 505 3167 a
526 3095 668 3191 trepido
684 3108 801 3169 mater
817 3094 914 3172 abire
931 3096 1030 3171 sinu.

231 3241 322 3315 Tela
336 3241 472 3311 cadunt
488 3238 669 3323 manibus,
684 3237 831 3309 tumido
841 3237 946 3311 velot
959 3261 1112 3333 aequore
1125 3238 1266 3314 fluctus

280 3379 501 3459 Subsidunt,
518 3374 607 3447 crim
621 3375 697 3469 jam
717 3388 851 3449 ventus
869 3389 907 3449 et
923 3402 1009 3453 aura
1025 3377 1150 3454 silent.
1221 3382 1266 3455 16

232 3522 454 3617 Composito
471 3522 562 3592 caeci
583 3519 793 3590 mulcentur
810 3520 919 3592 corde
935 3521 1087 3608 furores,

280 3663 466 3739 Conscius
484 3675 521 3734 et
540 3662 685 3734 tumido
701 3673 848 3756 pectore
867 3663 984 3761 surgit
1001 3685 1114 3743 amor.

231 3792 342 3903 Quid⁸
354 3806 384 3878 si
404 3819 544 3878 naturae
563 3805 678 3901 legem
695 3803 848 3878 violavit
865 3802 1031 3892 Oresten,

279 3946 409 4034 Auens
428 3958 625 4028 maternam
642 3945 874 4044 precipitare
891 3967 1020 4025 necem
1036 3945 1051 4031 l
1214 3954 1265 4028 ,90
