2670 4836
212 448 285 514 344
500 469 633 525 MUSAE
667 465 958 525 monstrans,

213 635 356 711 Indiam
378 639 413 712 in
434 639 620 735 Europam
639 656 809 736 portans3
838 664 905 712 nec
922 637 1025 735 qndd
1046 653 1111 711 tna
1128 637 1231 711 culta

146 859 150 872 ..
214 782 262 855 Et
280 783 435 884 pingues
453 784 648 859 Thamesis
665 785 814 882 genitali
835 785 991 864 flumine
1005 781 1130 880 glebas

213 921 416 1006 Fecundet‚
437 925 527 997 Nilo
544 925 786 1021 septemplice
805 926 965 1021 pulcrior
980 926 1112 1008 amnis,

194 1028 383 1137 'Pulcrior
399 1081 437 1138 et
455 1064 598 1164 Gange,
617 1083 654 1138 et
675 1067 828 1141 Pactolo
845 1068 957 1140 ditior
973 1066 1074 1141 omni
1094 1097 1103 1150 t

212 1204 292 1276 Nec
311 1206 399 1301 quin
418 1207 505 1279 inira
526 1221 611 1280 tuos
628 1208 715 1281 coeli
736 1208 966 1306 indulgentia
984 1229 1136 1300 campos
1203 1216 1248 1279 95

211 1345 398 1440 Excipiet,
413 1345 608 1443 jnstaeque
627 1349 725 1418 vices
744 1348 951 1445 hiemisque
968 1348 1181 1444 calorisque

208 1483 436 1578 Onrnigenas
454 1488 603 1557 foveant
622 1488 701 1559 miti
720 1488 932 1561 discrimine
949 1489 1071 1584 fruges
1091 1517 1101 1571 ;
1227 1467 1235 1479 ’

209 1623 290 1696 Nec
312 1624 376 1697 tibi
397 1623 498 1719 quod
520 1624 654 1697 virides
672 1625 905 1722 distinguant
923 1625 1056 1700 vellera
1074 1652 1229 1722 campos

208 1756 431 1840 Candidiora
451 1768 526 1839 tuis
543 1766 726 1864 gregibus,
745 1766 953 1853 Clitumna,
972 1771 1034 1842 vel·
1048 1769 1134 1842 altis

207 1910 326 1985 Missa
335 1910 580 2009 jugisrictrix
591 1911 804 1983 dominetur
817 1912 1245 2010 inaequoreqnerons.30

205 2050 275 2123 seu
296 2051 385 2146 qnia
407 2049 574 2124 Libertas
590 2050 689 2122 felici
709 2051 862 2123 numine
881 2076 1043 2148 praesens

207 2189 280 2264 His
297 2191 421 2263 sedern
440 2192 566 2287 posuit
586 2192 711 2264 terris:
740 2207 779 2264 tu
802 2193 930 2290 frigora
951 2195 1055 2278 lenis,

204 2334 277 2421 Tu,
301 2337 379 2410 Dea
399 2339 544 2425 blanda,
562 2338 673 2410 doces
691 2363 827 2411 canum
847 2340 961 2413 ridere
980 2339 1238 2417 Decembrem·

205 2477 463 2588 Intormesque
480 2481 606 2552 nives:
635 2479 756 2552 rident
775 2478 840 2550 tibi
862 2479 980 2564 litora,
998 2480 1121 2554 rident

205 2623 387 2696 Albentes
401 2639 540 2696 tractus
552 2621 791 2717 scopulorum
808 2634 921 2716 atque
934 2646 1058 2717 aspera
1072 2646 1176 2698 saxa.
1196 2635 1242 2701 35

203 2763 308 2835 Vana
326 2789 415 2836 suos
435 2761 582 2836 Phoebo
601 2763 769 2858 propiore
787 2763 969 2873 calescere
992 2788 1146 2860 campos

204 2896 325 2977 Gallia
346 2904 516 2987 laetotur3
545 2902 637 2998 quin
657 2903 756 2996 ipsos
775 2919 909 3000 sponte
927 2905 1095 3001 vigentes

204 3045 389 3121 Arboreos
403 3047 521 3138 jactet
538 3045 636 3153 fetus
656 3046 871 3143 injussuque
891 3072 1011 3142 poma.

203 3186 388 3260 Arrriferae
407 3185 557 3280 penitirs
577 3187 729 3259 rimetur
748 3189 888 3261 viscera
907 3204 1012 3263 terrae

199 3329 358 3402 Naturae
378 3344 545 3400 temnens
565 3327 663 3425 leges
680 3328 866 3425 avidoque
885 3328 995 3402 labori
1194 3349 1240 3413 40

200 3470 410 3545 Pallescens
430 3473 621 3545 incumbat
641 3471 734 3559 lber,
755 3473 981 3568 miserosque
999 3495 1152 3570 penates

199 3616 366 3688 Excidiis
385 3632 498 3711 petat,
518 3634 559 3690 ut
578 3614 693 3689 iustis
712 3617 886 3690 alimenta
905 3619 1101 3695 ministret.

195 3756 264 3830 Sed
278 3757 408 3853 ¹neque
428 3758 624 3851 pomiferos
644 3756 743 3829 Galli
763 3744 943 3832 desiderat
962 3784 1078 3857 agros,

195 3900 355 3976 Lumine
374 3926 440 3974 nec
459 3926 565 3999 gazas
584 3900 739 3997 obliquo
757 3919 900 3998 spectat
919 3902 1065 3979 lberutn
