2678 4830
436 523 569 579 MUSAE
599 520 888 580 ETONENSES.
1126 520 1173 594 39

199 801 265 842 NON
289 801 329 844 ΕΔ
350 801 401 845 VIS
422 803 535 858 Aaron,
557 806 665 856 NEQUE
686 806 796 849 ΤΑΝΤΔ
818 808 978 851 surEnBrA
999 810 1117 854 vtem.

142 969 266 1024 inatus.
716 984 723 993 ’
800 1038 804 1049 Ι
1019 994 1084 1031 ω.
1099 982 1176 1033 nso.

477 1119 787 1129 ...-.—..-—-——.

144 1264 406 1355 Souanruus,
419 1270 524 1356 exul,
540 1271 659 1365 inops,
672 1294 840 1366 casuque
850 1285 1021 1367 gravatus
1032 1268 1174 1358 acerba,

195 1403 377 1478 Constitit
397 1408 540 1481 Aufidii
560 1410 725 1483 Marcius
741 1424 828 1482 ante
841 1411 958 1496 lares3

145 1546 340 1638 Constitit,
359 1561 397 1622 et
413 1551 518 1624 siluit
534 1578 542 1625 :
561 1553 792 1648 stupefactus
810 1554 969 1650 imagine
985 1552 1147 1626 Volscus

196 1690 296 1768 Haec
309 1693 425 1767 dubio
444 1696 589 1769 tandem
609 1710 758 1790 pectore
775 1697 885 1770 verba
901 1697 1021 1771 dedit:

145 1843 168 1876 ‘⁶
188 1832 336 1908 Fallor?
363 1861 408 1908 au
428 1836 581 1910 hostiles
599 1850 671 1911 stat
690 1839 855 1912 Marcius
872 1853 957 1912 ante
974 1852 1138 1934 penates,
1158 1854 1180 1916 ὀ

160 1960 162 1970 ’
196 1982 221 2016 “
240 1973 376 2049 Gentis
387 1978 498 2063 ⁸adest
517 1993 653 2067 nostrae
673 2002 796 2074 poeua,
816 1981 1005 2076 decusque
1022 1982 1132 2056 suae?

149 2122 172 2159 “
192 2114 278 2190 Nec
294 2117 402 2212 periit
415 2119 492 2209 jam
511 2120 641 2193 frontis
662 2122 791 2206 lronos,
807 2122 1057 2217 impressaque
1071 2123 1180 2196 vultu

199 2266 223 2298 “
243 2254 452 2348 Majestatis
470 2259 591 2363 adhuc
610 2261 723 2332 forma
742 2262 900 2332 verenda
917 2275 1053 2334 manet.

146 2412 170 2443 ‘⁴
192 2397 358 2489 Quantis
376 2399 611 2492 persequitur
627 2411 741 2493 caput
758 2400 967 2471 execrabile
986 2400 1101 2491 Diris,

198 2547 221 2579 “
240 2537 341 2612 Orba
359 2541 437 2613 viro
454 2540 610 2631 conjux,
630 2538 790 2636 orbaque
806 2541 908 2636 prole
926 2565 1056 2635 parens
1072 2548 1098 2615 l'
1140 2551 1182 2615 10

148 2693 173 2724 “
193 2679 291 2770 Quis
310 2691 347 2751 te
364 2705 427 2776 per
445 2680 612 2753 tenebras
630 2693 668 2751 et
685 2705 801 2775 opaca
818 2682 966 2754 silentia
984 2685 1105 2756 noctis

200 2828 224 2860 “
243 2819 401 2916 Impulit
420 2820 592 2893 hostilem
610 2844 718 2892 casus
735 2821 834 2892 adire
854 2821 1035 2895 domum?

149 2971 174 3007 “
194 2961 280 3046 Dic,
300 2986 437 3056 precor,
457 2961 556 3033 unde
574 2960 642 3032 tibi
663 2962 755 3033 tanti
771 2976 1010 3034 monumenta
1023 2963 1182 3051 doloris;
1208 3005 1212 3015 ·

199 3112 223 3147 “
243 3103 410 3176 Forsitan
427 3114 465 3174 et
484 3100 611 3174 laudes
629 3101 711 3173 haec
730 3126 894 3176 meruere
910 3129 1009 3178 suas.

150 3257 175 3291 ‘⁶
192 3247 290 3320 Nam
301 3269 423 3342 neque
434 3243 517 3317 talis
529 3267 618 3332 eraS,
631 3242 719 3316 citur
730 3245 849 3317 victor
863 3246 908 3318 ab
920 3244 1024 3319 hoste
1038 3245 1182 3333 redires,

204 3398 228 3429 ‘⁶
246 3386 329 3459 Nec
344 3387 437 3459 bene
448 3386 629 3483 laurigero
640 3387 816 3463 convenit
829 3401 906 3460 atra
917 3383 1122 3485 chlamys.’'
1138 3393 1200 3464 16.

150 3526 329 3601 Dixerat:
356 3527 501 3598 insanas
519 3526 631 3597 animi
651 3525 823 3596 testantia
840 3550 943 3597 curas

203 3664 351 3738 Retulit
368 3664 414 3735 ad
431 3663 614 3738 Volscum
632 3664 797 3737 Marcius
815 3689 876 3737 ora
893 3667 1041 3740 ducem.

84 3808 87 3812 ’
154 3818 178 3853 “
198 3807 285 3882 An!
314 3831 361 3879 ne
378 3830 438 3878 me
451 3820 589 3880 veteres
607 3830 715 3902 cogas
732 3808 942 3879 meminisse
958 3808 1182 3904 triumphos3

207 3962 230 3995 ‘⁶
249 3950 375 4042 Quam
391 3949 524 4025 vellem
542 3949 668 4045 potius
686 3971 760 4021 non
779 3948 989 4022 meminisse
1006 3949 1077 4022 mei
1095 3955 1103 4018 t
1136 3957 1185 4023 20
1227 3938 1230 3942 ¹
