2670 4836
237 523 286 591 22
523 526 656 583 MUSAE
675 524 978 583 BTONENSE&

237 695 1274 795 Festinere;“quisuproculadvenithuspes?etoquirm

207 818 211 825 ’
237 852 260 884 “
281 841 447 913 Adversa
464 863 516 925 es,
536 837 749 914 Fortuna!”
778 838 912 913 domnis
928 839 1103 913 exterrita
1119 838 1258 915 clamet

238 981 375 1067 Meter3
395 993 463 1053 “et
479 981 550 1055 hoe
561 980 655 1065 solo,
666 980 757 1055 dum
770 980 1077 1076 stragulacunetu
1092 958 1275 1075 levantur,

237 1133 262 1167 “
281 1123 471 1199 Convivas
489 1124 634 1196 venisse
651 1123 730 1197 diet
758 1123 850 1219 quin
869 1134 907 1194 et
925 1120 1028 1215 pueri
1047 1143 1176 1194 omnes

236 1271 261 1306 ‘⁴
284 1262 353 1336 Per
366 1286 515 1358 campos
528 1262 755 1360 egitantlnte
767 1258 950 1337 imnum.’'
983 1260 1277 1341 Intereanos'et

237 1402 425 1482 Occiusos
443 1418 569 1503 postes
586 1406 720 1481 frustra
737 1406 904 1500 pulsum
931 1403 1102 1476 molossis

238 1512 470 1643 Atria'longn
485 1560 619 1639 sonant
636 1545 791 1621 canibus
806 1574 816 1631 t
841 1546 976 1619 domus
995 1545 1106 1631 invia,
1122 1544 1219 1623 clevi

238 1688 402 1780 Amissi.
453 1686 604 1785 Trepidi
623 1690 689 1763 vix
704 1689 852 1765 tandem
871 1688 1077 1794 porticibus
1097 1712 1167 1765 uus

238 1833 445 1930 Accipiunt
462 1834 604 1920 tumuli,
622 1835 818 1931 uacunque
835 1835 1047 1927 reponimur
1064 1831 1164 1913 nult.

286 1974 482 2057 Continuu
496 2001 608 2072 super
623 1977 697 2050 elta
710 1978 844 2052 domus
859 2000 1026 2049 resonare
1042 1975 1211 2051 tumultu
1230 1986 1281 2054 30

236 2120 324 2195 Nou
343 2122 429 2211 elio,
448 2146 491 2196 ne
508 2090 660 2197 numine
678 2121 766 2195 crim
785 2121 1011 2218 parturiente
1028 2144 1091 2215 per
1109 2119 1216 2195 aedes

235 2264 426 2342 Attonitae
439 2267 642 2340 miscentur
655 2289 763 2351 nnus,
780 2265 1011 2360 trepideque
1026 2261 1179 2358 puellm.

177 2426 182 2441 ·
237 2405 472 2501 Franguntur
488 2406 594 2478 risui:
623 2406 768 2478 subitas
788 2408 881 2500 petit
898 2407 1010 2479 anxia
1028 2418 1151 2479 vestes

238 2542 344 2631 Filia,
364 2544 654 2639 suppositamque
672 2545 765 2641 tegit
783 2544 963 2621 velamine
979 2547 1117 2619 sordes.
1135 2526 1137 2533 Ι
1230 2558 1283 2623 ³4

238 2683 326 2781 lpse
343 2694 476 2768 νοσεῖς
495 2684 675 2763 blaterant
688 2686 852 2772 famutae,
872 2690 1052 2784 puerique
1065 2698 1280 2775 reeumnt3

239 2826 437 2900 Servorum
457 2827 643 2901 immistus
662 2827 800 2901 clamor
815 2829 1056 2924 dominusque
1075 2852 1282 2927 suumque,

237 2967 287 3043 Et
301 2968 478 3063 strepitus
496 2968 695 3063 pullorum,
714 2982 826 3064 utque
843 2969 980 3041 anseris
999 2969 1071 3041 ima
1097 2969 1265 3064 querele.

287 3107 371 3183 Nos
386 3109 529 3205 gravior
546 3109 679 3202 premit
695 3109 849 3193 esuries,
867 3107 1107 3202 multumque
1126 3108 1280 3209 maligui

240 3249 301 3325 De
317 3249 420 3320 vitiis
437 3247 636 3343 loquimur,
654 3249 701 3321 de
718 3274 767 3335 re,
785 3248 1035 3345 domibusque
1051 3251 1197 3336 alienis,

241 3390 346 3465 Dum
365 3389 511 3473 mulier.
525 3388 617 3461 dum
631 3413 740 3465 coeue
755 3405 911 3487 paratur.
964 3391 1113 3488 Saepius
1129 3393 1283 3471 hortum

238 3531 420 3622 Visimus,
434 3546 471 3607 et
484 3533 641 3618 catulos,
655 3547 694 3606 et
707 3558 837 3629 equos.
889 3533 968 3609 Vix
981 3536 1114 3610 semiue
1130 3536 1283 3647 tendum

240 3673 408 3747 Advenit
424 3664 609 3749 excusans
626 3699 719 3761 sese,
740 3676 963 3772 veniamque
981 3684 1186 3772 precntum

1186 3782 1195 3817 Ν

239 3831 382 3905 Nescio
398 3833 503 3928 quid,
521 3833 587 3905 sed
606 3836 671 3909 vix
690 3835 787 3909 clere
802 3847 994 3910 certumve
1011 3836 1138 3908 locuta
1193 3854 1199 3867 ·

240 3972 301 4049 De
316 3974 443 4050 subito
458 3975 636 4051 adventu.
689 3976 790 4052 Dein
804 4000 892 4053 cum
906 3992 987 4075 tuto
1002 3977 1188 4055 comitatu
