2670 4836
220 487 267 553 82
506 490 640 551 MUSAE
673 491 960 551 ETONENSES.

422 829 484 871 NEC
501 829 644 872 metm
659 831 835 874 contuitu
849 834 970 880 utum
985 835 1051 877 Est.

221 939 392 1012 Benuckamp.
1095 964 1123 999 a.
1135 963 1162 999 n.
1178 953 1257 1005 1759.

613 1095 858 1107 ...———

220 1247 347 1323 Unnn
368 1248 467 1321 vices
487 1250 628 1357 monuo
645 1249 785 1323 variae?
822 1248 913 1341 Quo
931 1249 1229 1339 nominetenus,

218 1386 492 1483 Astroruruque
509 1390 627 1476 orbes,
654 1402 693 1461 et
711 1389 848 1462 caerula
864 1387 1031 1484 Tethyos
1047 1413 1143 1476 arra,

218 1526 385 1602 Assiduo
404 1528 553 1603 fluitant
573 1542 689 1616 motu,
716 1530 941 1626 fugiuntque
958 1529 1153 1625 quietern?

209 1666 407 1766 Perpetuo
423 1692 572 1743 sursum
591 1670 675 1742 nisu
695 1694 775 1743 sese
792 1673 929 1743 arduus
946 1671 1040 1767 ignis

218 1812 347 1908 Erigit,
374 1825 412 1883 et
428 1812 549 1885 calido
566 1811 621 1884 soi
641 1811 800 1885 flammae
819 1838 868 1885 ex
885 1812 972 1885 orbe
990 1812 1137 1887 volutat
1229 1825 1253 1889 ό

216 1952 381 2051 Spicula,
408 1976 495 2049 quae
515 1953 621 2026 celeri
641 1952 783 2025 circum
803 1954 980 2050 vertigiue
997 1968 1100 2049 rapta

216 2094 414 2170 Extremos
433 2107 621 2192 peragrant
639 2092 780 2175 diffuso
796 2092 938 2166 lumine
955 2094 1085 2167 coelos.

216 2236 290 2314 Sed
308 2242 394 2337 quis
410 2241 573 2313 diversos
593 2240 689 2312 lueis
706 2239 911 2313 describere
930 2253 1054 2313 motus

215 2381 381 2457 Ulterius
400 2383 543 2477 possit?
570 2405 635 2454 seu
655 2403 718 2475 per
734 2380 818 2453 noeli
837 2380 949 2452 ardua
966 2403 1076 2454 cursu

216 2522 370 2597 Infinita
386 2534 479 2609 ruat,
508 2521 744 2616 patriumque
760 2521 919 2593 revisere
934 2519 1053 2594 solern
1209 2533 1253 2597 10

216 2662 378 2749 Gestiat‚
404 2676 469 2735 aut
486 2662 594 2735 radiis
613 2660 702 2736 Orci
722 2676 907 2758 penetrare
925 2628 1104 2737 recessus.

153 2903 156 2907 ι
263 2804 348 2879 Neo
366 2804 490 2877 minus
507 2816 667 2876 aeternos
687 2802 826 2898 patitur
842 2801 1009 2875 revoluta
1028 2772 1174 2877 ineatus

213 2946 336 3037 Terra,
363 2947 451 3021 licet
469 2947 573 3044 pigro
593 2945 658 3019 vix
677 2947 821 3019 tramite
838 2946 1024 3040 compleat
1043 2969 1184 3019 anuum

213 3087 346 3176 Tarda,
362 3089 545 3175 immanis,
561 3090 667 3176 iners,
687 3089 757 3162 nisi
774 3088 876 3184 quod
895 3086 952 3160 vis
970 3088 1082 3160 insita
1098 3112 1252 3163 cursum

213 3229 364 3327 Urgeat,
392 3231 601 3326 ignaroque
620 3241 720 3302 vetet
739 3243 881 3325 torpere
898 3241 1061 3303 veterno.
1208 3242 1250 3304 lo

213 3368 350 3444 Nonne
367 3369 482 3459 vides,
507 3368 631 3466 gelido
651 3380 692 3441 ut
712 3369 815 3457 terrai
834 3394 882 3441 ex
902 3368 1014 3441 ubere
1030 3370 1141 3443 sudet

214 3509 401 3584 Roscidus
421 3511 553 3584 humor
583 3535 706 3606 aquae,
734 3523 775 3583 ut
794 3511 931 3583 furtivo
948 3510 1114 3587 lubricus
1133 3512 1250 3587 undas

214 3649 284 3726 Per
301 3667 432 3726 tenues
449 3654 570 3738 rimas,
597 3678 660 3748 per
676 3677 752 3726 rara
769 3653 944 3726 foramina
959 3653 1093 3752 glebae,

212 3791 384 3867 Insinuet
402 3795 531 3888 lapsu3
558 3794 675 3866 donec
688 3793 765 3886 jam
783 3794 929 3892 gurgite
947 3795 1044 3868 facto

212 3933 257 4009 ln
270 3959 368 4010 mare
378 3950 573 4010 torrentem
589 3937 716 4034 rapido
727 3949 852 4010 vomat
864 3936 1000 4033 impete
1014 3936 1186 4010 fluctum.
1202 3914 1265 4011 20'
1304 3926 1309 3933 ¹
