2670 4836
143 228 210 293 190
437 234 571 301 tuum
602 237 899 303 BTONEMEQ.

395 505 542 547 OMNIBUS
559 505 669 549 utrm
687 509 777 551 LOCIS
795 508 914 550 ΛΒΕΒΟ.

142 641 262 715 Grr'ffillt.

50 1068 54 1075 ν
146 964 333 1040 Drrtrerr
354 969 512 1042 incertos
531 971 711 1044 nocturn&
728 972 812 1045 luce
831 995 893 1065 per
912 971 1039 1057 herbas

147 1106 250 1199 Qum
269 1111 358 1185 levis
379 1113 505 1186 umbra
525 1115 647 1208 pedes,
667 1127 780 1209 atque
797 1114 993 1209 irrequieta
1012 1130 1166 1213 rugatur-

149 1247 338 1323 Obscums
358 1254 450 1325 inter
467 1255 611 1326 frondes
631 1249 840 1349 tacitosque
859 1279 1025 1329 recessus

152 1396 312 1489 Antiqui
334 1399 517 1503 nemoris?
546 1400 739 1472 tremulam
758 1400 832 1495 quu
850 1400 985 1496 pallida
1002 1401 1129 1485 lucem

150 1538 291 1615 Fundit
313 1540 431 1623 Luna,
452 1543 556 1612 novis
576 1556 612 1612 et
631 1543 739 1614 corda
758 1545 951 1617 timoribus
971 1544 1116 1638 implet.
1168 1556 1196 1617 {r

153 1684 220 1757 llla
239 1692 316 1758 est!
346 1686 407 1756 sed
429 1686 570 1757 miserae
588 1709 676 1780 quae
695 1711 804 1759 causa
826 1686 974 1782 indigua
991 1709 1143 1758 serenos

154 1826 325 1900 Foedav'rt
344 1827 470 1900 vultus
487 1830 500 1901 ?
529 1828 715 1901 maculant
733 1855 820 1924 quae
841 1830 993 1901 vulnera
1012 1828 1174 1921 pectus?

156 1970 555 2065 Purpureuscrrrmrs'rs
569 1971 692 2044 adest?
714 1971 823 2044 Heu!
844 1971 1194 2068 sangtrirretinctum

155 2109 331 2182 Ostentat
349 2126 502 2198 vestem,
521 2127 558 2180 et
578 2111 763 2205 pollutum
783 2112 963 2207 sanguine
981 2135 1132 2205 corpus.

208 2254 350 2349 Ergone
368 2254 542 2325 fraternos
560 2254 613 2324 sic
633 2254 780 2341 deseris,
800 2253 975 2347 improbe,
996 2256 1130 2330 natos?
1155 2267 1199 2331 10

159 2394 301 2486 Aspice
319 2393 476 2487 dilapsas
496 2419 644 2466 veneres
664 2395 957 2490 moribundaque
976 2397 1153 2484 membra,

161 2534 440 2629 pallentemque
459 2559 586 2617 rosam,
606 2558 694 2629 quae
714 2559 831 2628 nuper
848 2538 1006 2630 plurima
1026 2538 1136 2612 vultu

162 2680 344 2764 Ertrbuit;
371 2678 486 2751 clausi
508 2703 593 2750 ecce
606 2678 716 2769 jubar
734 2678 937 2774 languescit
955 2681 1090 2755 ocelli!

165 2821 276 2894 Haud
297 2821 412 2907 aliter,
433 2821 567 2915 sitquis
587 2820 727 2894 Dirum
746 2822 911 2895 mortalia
930 2838 1048 2910 curet,

162 2964 392 3035 Succumbet
414 2965 518 3035 morti
540 2962 699 3035 crudelis
718 2963 868 3035 victima
886 2963 1043 3055 conjux.
1158 2978 1200 3039 15

163 3101 218 3173 Te
238 3104 323 3176 coeli
346 3103 448 3198 pluat
469 3104 656 3197 imsuper,
677 3102 891 3198 prolemque
908 3102 1094 3176 futuram:

167 3242 269 3314 Dum
287 3244 377 3316 socii
398 3244 525 3317 mortis
543 3243 729 3316 celebrant
746 3243 923 3328 solennia,
943 3246 1062 3317 forsan

169 3381 278 3456 Turre
299 3385 435 3478 uliquis
455 3386 595 3458 tristem
614 3410 767 3459 cernens
785 3385 978 3480 procedere
998 3411 1187 3483 pompam,

165 3532 190 3567 ‘⁶
210 3526 284 3609 Sic,
304 3524 397 3609 sic‚'’
427 3528 612 3613 clamabit,
641 3541 663 3572 “
685 3554 781 3602 mors
799 3529 980 3602 invidiosa
997 3533 1180 3626 superbos

164 3673 188 3706 “
213 3665 465 3762 lntleplorutos
482 3669 554 3741 sub
571 3671 691 3744 inania
711 3669 859 3743 Tartara
877 3669 1043 3745 mittat.'’
1159 3683 1210 3748 90
