2670 4836
62 510 65 516 ’
147 527 220 593 320
433 530 563 590 uusn
596 533 886 590 annuntians.

147 703 251 794 Quid
270 705 444 778 reseram?
471 720 513 778 ut
530 704 592 776 lati
610 720 778 801 repetens
796 703 1015 778 commercia
1031 708 1160 779 mundi

147 842 255 916 Nave
272 844 382 917 vehat
398 858 577 918 mercator
592 869 695 939 opes,
715 829 897 940 laetosque
914 845 1048 917 revisat

149 982 344 1090 Hesperiae
363 985 469 1059 lucos
486 1009 651 1080 auroque
669 985 826 1059 nitentia
840 1009 958 1084 regua.
1129 995 1178 1067 70

147 1122 230 1196 Nec
244 1123 367 1199 minus
384 1128 531 1199 armatis
548 1126 616 1199 sibi
636 1126 817 1200 classibus
834 1139 972 1223 arrogat
991 1148 1121 1221 aequor

147 1263 302 1340 Albion.
355 1265 531 1340 Externae
550 1290 638 1362 quae
657 1291 729 1340 non
749 1267 917 1340 victricia
931 1280 1062 1363 gentes

147 1405 259 1503 Signa
275 1406 434 1480 timent?
460 1407 609 1501 quoties
629 1406 800 1502 Hispano
817 1405 994 1481 effervere
1012 1421 1127 1502 ponto

147 1547 369 1648 Congressas
387 1574 519 1648 magno
537 1553 632 1625 inter
647 1577 688 1624 se
704 1552 902 1625 certamine
919 1552 1056 1624 classes

146 1688 252 1762 Vidit
271 1689 367 1777 lber,
385 1689 564 1785 flevitque
581 1691 645 1763 alti
664 1704 765 1763 stans
782 1690 945 1763 culmine
963 1691 1100 1763 montis
1129 1699 1173 1773 75

147 1826 310 1923 Corpora
326 1829 427 1902 mille
444 1828 566 1904 virrim
583 1830 696 1902 vastis
714 1829 862 1923 abrepta
878 1830 950 1902 snb
967 1831 1102 1906 undis!

145 1968 360 2077 Fulmineos
378 1970 525 2065 quoties
544 1970 673 2064 procul
689 1970 808 2042 audiit
827 1970 900 2041 icta
917 1970 1107 2044 tumultus

147 2109 280 2195 Gallia,
299 2109 388 2183 dum
407 2111 529 2183 medio
547 2122 776 2183 tremuerunt
793 2131 944 2203 aequore
961 2109 1127 2183 flnctus!

145 2249 296 2324 Scilicet
313 2265 350 2324 et
368 2267 515 2348 tempus
534 2251 670 2334 veniet,
688 2246 775 2321 clim
795 2246 932 2319 finibus
950 2247 1025 2321 illis

120 2356 123 2363 Ι
144 2387 282 2461 Navita
294 2389 469 2480 jactatam
487 2389 642 2486 religans
661 2388 699 2459 in
715 2386 821 2458 litore
839 2409 969 2457 navem
1130 2397 1176 2462 80

147 2525 334 2620 Praecipiti
355 2527 518 2598 inveniet
532 2525 682 2598 collisos
701 2522 848 2597 turbine
864 2522 993 2608 malos,

145 2667 228 2741 Aut
245 2669 394 2742 fractam
412 2668 556 2742 madida
572 2690 710 2765 proram
729 2664 886 2753 calchit
903 2664 1023 2750 arena,

144 2811 349 2909 Sparsaque
367 2813 583 2911 sanguineas
602 2802 790 2887 niirabitur
806 2833 889 2883 ossa
905 2832 969 2906 per
986 2809 1117 2884 undas.
1197 2851 1201 2859 ·
