2670 4836
448 1312 762 1416 LECTORI
832 1315 880 1416 S.

514 1629 817 1666 ...ι-ι’...-

147 1849 279 1950 DUM
316 1872 445 1966 paucis
473 1872 699 1968 quibusdam
728 1873 774 1945 de
804 1872 890 1959 huc,
919 1871 1192 1969 qualecunque

143 2011 200 2100 sit,
218 2010 411 2107 opusculo
427 2025 465 2083 te
482 2034 613 2100 moror,
631 2012 765 2085 omitto
783 2029 906 2086 tamen
923 2014 971 2085 de
988 2013 1184 2112 vulgandis
1237 1995 1244 2007 ⁶
1323 1992 1329 2004 ⁸

144 2175 342 2246 puerorum
355 2151 504 2247 scriptis
519 2152 720 2247 disputare,
735 2154 877 2248 quippe
894 2154 959 2250 qui
979 2153 1024 2225 ad
1042 2152 1184 2228 iuberes

143 2289 360 2383 hujusmodi
387 2292 619 2387 proferendus
644 2293 798 2365 minime
816 2317 878 2367 me
902 2293 1042 2387 primus
1058 2295 1184 2367 accin-

98 2448 102 2459 '
144 2435 285 2507 xerim:
311 2435 392 2509 scio
409 2436 584 2531 equidem
603 2437 673 2509 huc
692 2461 713 2508 a
730 2437 852 2511 doctis
869 2437 959 2510 viris
975 2438 1184 2532 saepissime
1261 2535 1263 2545 p

143 2591 344 2661 versutum,
363 2576 610 2672 plurimisque
625 2591 663 2648 et
681 2577 941 2674 reprehensum
961 2592 999 2652 et
1018 2580 1182 2655 vindica-

145 2733 224 2792 tum
243 2719 361 2802 fuisse
377 2721 621 2819 argumentis.

191 2859 309 2954 Qubd
325 2862 356 2934 si
370 2884 418 2934 ex
434 2862 506 2935 isto
518 2863 782 2938 versiculorum
798 2861 944 2936 deiectu
958 2863 1181 2959 jampridem

146 3005 181 3078 iu
209 3005 333 3079 lucem
360 3004 475 3093 edito,
503 3004 647 3100 aliquid
676 3021 741 3079 aut
769 3006 853 3101 opis
883 3020 948 3078 aut
975 3010 1181 3081 ornamenti
1258 3044 1271 3069 ·

146 3148 248 3221 metri
268 3146 404 3221 Etouae
431 3148 653 3233 accreverit3'
676 3171 784 3243 spero
809 3147 953 3234 saltem,
973 3145 1048 3221 ime
1071 3171 1183 3244 prope

145 3290 318 3364 affirmare
336 3291 469 3379 susim,
497 3291 589 3363 nihii
608 3315 687 3364 eum
714 3291 773 3364 vel
797 3290 966 3389 gloriolae
986 3290 1043 3363 vei
1062 3291 1182 3388 digni-

147 3434 230 3505 tatis
247 3434 323 3507 fore
350 3432 437 3506 hine
456 3433 694 3506 amissurum:
722 3433 792 3506 nisi
819 3432 912 3504 sorte
940 3431 1082 3505 incuria
1100 3434 1182 3506 meu

144 3575 314 3669 quaedum
341 3598 390 3647 ex
419 3575 603 3668 insperato
630 3571 778 3646 macula
805 3573 841 3644 in
873 3570 955 3646 haec
984 3573 1178 3667 irrepserit.

144 3715 323 3790 Dehisce
350 3739 434 3814 ergo
452 3714 687 3810 poematibus
703 3714 820 3788 lector
837 3713 1034 3811 ingenuus,
1053 3738 1118 3809 pro
1135 3739 1180 3788 eo

144 3883 185 3932 ae
202 3873 401 3944 merentur,
423 3859 615 3942 decernut;
641 3857 708 3952 qui
736 3871 857 3930 tamen
876 3856 1083 3929 monendus
1110 3873 1179 3946 est,

145 4002 437 4097 quibuscunque
455 4015 543 4075 uota
568 3995 867 4100 [⁴]„praefigituu
884 3999 1030 4096 quiurae
1052 3999 1180 4073 classis
