<?xml version="1.0" encoding="UTF-8"?>
<!DOCTYPE html PUBLIC "-//W3C//DTD XHTML 1.0 Transitional//EN"
    "http://www.w3.org/TR/xhtml1/DTD/xhtml1-transitional.dtd">
<html xmlns="http://www.w3.org/1999/xhtml" xml:lang="en" lang="en">
 <head>
  <title>
</title>
<meta http-equiv="Content-Type" content="text/html;charset=utf-8" />
  <meta name='ocr-system' content='tesseract 3.04.00' />
  <meta name='ocr-capabilities' content='ocr_page ocr_carea ocr_par ocr_line ocrx_word'/>
</head>
<body>
  <div class='ocr_page' id='page_1' title='image "./musetonensesseu00unkngoog_0168.png"; bbox 0 0 2670 4836; ppageno 0'>
   <div class='ocr_carea' id='block_1_1' title="bbox 358 107 1097 177">
    <p class='ocr_par' dir='ltr' id='par_1_1' title="bbox 358 107 1097 177">
     <span class='ocr_line' id='line_1_1' title="bbox 358 107 1097 177; baseline 0.012 -10"><span class='ocrx_word' id='word_1_1' title='bbox 358 114 490 170; x_wconf 65' lang='lat' dir='ltr'>niusa*</span> <span class='ocrx_word' id='word_1_2' title='bbox 522 115 807 171; x_wconf 78' lang='lat' dir='ltr'>naonunsss.</span> <span class='ocrx_word' id='word_1_3' title='bbox 1031 107 1097 177; x_wconf 77' lang='lat'>149</span> 
     </span>
    </p>
   </div>
   <div class='ocr_carea' id='block_1_2' title="bbox 117 403 1047 456">
    <p class='ocr_par' dir='ltr' id='par_1_2' title="bbox 117 403 1047 456">
     <span class='ocr_line' id='line_1_2' title="bbox 117 403 1047 456; baseline 0.002 -10"><span class='ocrx_word' id='word_1_4' title='bbox 117 403 251 448; x_wconf 66' lang='lat' dir='ltr'>TURNUU</span> <span class='ocrx_word' id='word_1_5' title='bbox 269 403 313 446; x_wconf 75' lang='grc' dir='ltr'>ΑΒ</span> <span class='ocrx_word' id='word_1_6' title='bbox 327 405 501 449; x_wconf 73' lang='lat' dir='ltr'>CERTAMBN</span> <span class='ocrx_word' id='word_1_7' title='bbox 519 408 647 450; x_wconf 69' lang='lat' dir='ltr'>luunuu</span> <span class='ocrx_word' id='word_1_8' title='bbox 663 405 878 456; x_wconf 72' lang='lat' dir='ltr'>Annoour&#39;run</span> <span class='ocrx_word' id='word_1_9' title='bbox 894 406 1047 449; x_wconf 70' lang='lat' dir='ltr'>anrnn.</span> 
     </span>
    </p>
   </div>
   <div class='ocr_carea' id='block_1_3' title="bbox 61 540 154 600">
    <p class='ocr_par' dir='ltr' id='par_1_3' title="bbox 61 540 154 600">
     <span class='ocr_line' id='line_1_3' title="bbox 61 540 154 600; baseline 0.032 -3"><span class='ocrx_word' id='word_1_10' title='bbox 61 540 154 600; x_wconf 78' lang='lat' dir='ltr'>Hm.</span> 
     </span>
    </p>
   </div>
   <div class='ocr_carea' id='block_1_4' title="bbox 428 727 736 738">
    <p class='ocr_par' dir='ltr' id='par_1_4' title="bbox 428 727 736 738">
     <span class='ocr_line' id='line_1_4' title="bbox 428 727 736 738; baseline -0.01 -2"><span class='ocrx_word' id='word_1_11' title='bbox 428 728 560 738; x_wconf 73' lang='lat'>...-—--</span> <span class='ocrx_word' id='word_1_12' title='bbox 564 727 736 734; x_wconf 75' lang='lat'><em>——-·—-.—..</em></span> 
     </span>
    </p>
   </div>
   <div class='ocr_carea' id='block_1_5' title="bbox 56 858 1117 2645">
    <p class='ocr_par' dir='ltr' id='par_1_5' title="bbox 56 858 987 1079">
     <span class='ocr_line' id='line_1_5' title="bbox 56 858 920 963; baseline 0.001 -26"><span class='ocrx_word' id='word_1_13' title='bbox 56 858 132 937; x_wconf 73' lang='lat' dir='ltr'>Ua</span> <span class='ocrx_word' id='word_1_14' title='bbox 148 866 271 963; x_wconf 82' lang='lat' dir='ltr'>gravia</span> <span class='ocrx_word' id='word_1_15' title='bbox 287 878 415 960; x_wconf 87' lang='lat' dir='ltr'>optato</span> <span class='ocrx_word' id='word_1_16' title='bbox 433 870 579 941; x_wconf 83' lang='lat' dir='ltr'><strong>dirimat</strong></span> <span class='ocrx_word' id='word_1_17' title='bbox 596 869 794 941; x_wconf 82' lang='lat' dir='ltr'>certamine</span> <span class='ocrx_word' id='word_1_18' title='bbox 814 867 920 950; x_wconf 89' lang='lat' dir='ltr'>bella,</span> 
     </span>
     <span class='ocr_line' id='line_1_6' title="bbox 124 1002 987 1079; baseline 0 -4"><span class='ocrx_word' id='word_1_19' title='bbox 124 1002 304 1078; x_wconf 82' lang='lat' dir='ltr'>Provocat</span> <span class='ocrx_word' id='word_1_20' title='bbox 325 1006 478 1078; x_wconf 88' lang='lat' dir='ltr'>lliacum</span> <span class='ocrx_word' id='word_1_21' title='bbox 498 1007 647 1079; x_wconf 84' lang='lat' dir='ltr'>Turnus</span> <span class='ocrx_word' id='word_1_22' title='bbox 667 1009 709 1078; x_wconf 89' lang='lat' dir='ltr'>ad</span> <span class='ocrx_word' id='word_1_23' title='bbox 728 1032 823 1078; x_wconf 89' lang='lat' dir='ltr'>arma</span> <span class='ocrx_word' id='word_1_24' title='bbox 841 1008 987 1077; x_wconf 89' lang='lat' dir='ltr'>ducem.</span> 
     </span>
    </p>

    <p class='ocr_par' dir='ltr' id='par_1_6' title="bbox 58 1138 1006 1381">
     <span class='ocr_line' id='line_1_7' title="bbox 58 1138 1006 1243; baseline 0.004 -30"><span class='ocrx_word' id='word_1_25' title='bbox 58 1138 259 1229; x_wconf 88' lang='lat' dir='ltr'>Induitur‚</span> <span class='ocrx_word' id='word_1_26' title='bbox 277 1146 366 1216; x_wconf 90' lang='lat' dir='ltr'>dum</span> <span class='ocrx_word' id='word_1_27' title='bbox 381 1147 508 1243; x_wconf 86' lang='lat' dir='ltr'>jungit</span> <span class='ocrx_word' id='word_1_28' title='bbox 525 1172 641 1242; x_wconf 89' lang='lat' dir='ltr'>equos</span> <span class='ocrx_word' id='word_1_29' title='bbox 660 1147 794 1243; x_wconf 81' lang='lat' dir='ltr'>auriga,</span> <span class='ocrx_word' id='word_1_30' title='bbox 811 1168 1006 1218; x_wconf 86' lang='lat' dir='ltr'>coruscum</span> 
     </span>
     <span class='ocr_line' id='line_1_8' title="bbox 125 1282 918 1381; baseline 0.003 -27"><span class='ocrx_word' id='word_1_31' title='bbox 125 1282 211 1354; x_wconf 83' lang='lat' dir='ltr'>AEre</span> <span class='ocrx_word' id='word_1_32' title='bbox 228 1297 354 1377; x_wconf 88' lang='lat' dir='ltr'>capnt,</span> <span class='ocrx_word' id='word_1_33' title='bbox 370 1285 489 1357; x_wconf 90' lang='lat' dir='ltr'>nitido</span> <span class='ocrx_word' id='word_1_34' title='bbox 506 1286 666 1381; x_wconf 83' lang='lat' dir='ltr'>cingitur</span> <span class='ocrx_word' id='word_1_35' title='bbox 685 1310 770 1358; x_wconf 89' lang='lat' dir='ltr'>ense</span> <span class='ocrx_word' id='word_1_36' title='bbox 788 1286 918 1356; x_wconf 86' lang='lat' dir='ltr'>femur.</span> 
     </span>
    </p>

    <p class='ocr_par' dir='ltr' id='par_1_7' title="bbox 61 1420 1107 1660">
     <span class='ocr_line' id='line_1_9' title="bbox 61 1420 1107 1520; baseline 0.005 -28"><span class='ocrx_word' id='word_1_37' title='bbox 61 1420 130 1494; x_wconf 86' lang='lat' dir='ltr'>At</span> <span class='ocrx_word' id='word_1_38' title='bbox 147 1423 241 1509; x_wconf 82' lang='lat' dir='ltr'>mala</span> <span class='ocrx_word' id='word_1_39' title='bbox 259 1424 377 1497; x_wconf 87' lang='lat' dir='ltr'>fatalis</span> <span class='ocrx_word' id='word_1_40' title='bbox 396 1450 624 1518; x_wconf 65' lang='lat' dir='ltr'>praesumens</span> <span class='ocrx_word' id='word_1_41' title='bbox 642 1428 765 1498; x_wconf 90' lang='lat' dir='ltr'>omina</span> <span class='ocrx_word' id='word_1_42' title='bbox 785 1451 933 1520; x_wconf 76' lang='lat' dir='ltr'>pugnae,</span> <span class='ocrx_word' id='word_1_43' title='bbox 1086 1436 1107 1497; x_wconf 83' lang='lat'><em>5</em></span> 
     </span>
     <span class='ocr_line' id='line_1_10' title="bbox 125 1561 899 1660; baseline 0.004 -27"><span class='ocrx_word' id='word_1_44' title='bbox 125 1561 319 1635; x_wconf 88' lang='lat' dir='ltr'>Femineos</span> <span class='ocrx_word' id='word_1_45' title='bbox 337 1567 453 1656; x_wconf 87' lang='lat' dir='ltr'>aperit</span> <span class='ocrx_word' id='word_1_46' title='bbox 470 1567 566 1660; x_wconf 81' lang='lat' dir='ltr'>regia</span> <span class='ocrx_word' id='word_1_47' title='bbox 585 1565 747 1660; x_wconf 84' lang='lat' dir='ltr'>nympha</span> <span class='ocrx_word' id='word_1_48' title='bbox 766 1579 899 1637; x_wconf 87' lang='lat' dir='ltr'>metus.</span> 
     </span>
    </p>

    <p class='ocr_par' dir='ltr' id='par_1_8' title="bbox 63 1701 1083 1935">
     <span class='ocr_line' id='line_1_11' title="bbox 63 1701 1083 1799; baseline -0.004 -24"><span class='ocrx_word' id='word_1_49' title='bbox 63 1709 102 1744; x_wconf 89' lang='lat'><strong>“</strong></span> <span class='ocrx_word' id='word_1_50' title='bbox 124 1701 196 1775; x_wconf 91' lang='lat' dir='ltr'>Hei</span> <span class='ocrx_word' id='word_1_51' title='bbox 215 1702 329 1777; x_wconf 83' lang='lat' dir='ltr'>milri!</span> <span class='ocrx_word' id='word_1_52' title='bbox 359 1704 509 1776; x_wconf 86' lang='lat' dir='ltr'>fatidico</span> <span class='ocrx_word' id='word_1_53' title='bbox 529 1706 709 1799; x_wconf 87' lang='lat' dir='ltr'>trepidum</span> <span class='ocrx_word' id='word_1_54' title='bbox 730 1728 792 1776; x_wconf 89' lang='lat' dir='ltr'>cor</span> <span class='ocrx_word' id='word_1_55' title='bbox 811 1704 964 1798; x_wconf 80' lang='lat' dir='ltr'>palpitat</span> <span class='ocrx_word' id='word_1_56' title='bbox 982 1701 1083 1783; x_wconf 90' lang='lat' dir='ltr'>ictu;</span> 
     </span>
     <span class='ocr_line' id='line_1_12' title="bbox 131 1843 873 1935; baseline -0.001 -20"><span class='ocrx_word' id='word_1_57' title='bbox 131 1855 152 1888; x_wconf 79' lang='lat'>‘¹</span> <span class='ocrx_word' id='word_1_58' title='bbox 173 1843 308 1916; x_wconf 86' lang='lat' dir='ltr'>lntima</span> <span class='ocrx_word' id='word_1_59' title='bbox 328 1844 444 1915; x_wconf 87' lang='lat' dir='ltr'>letalis</span> <span class='ocrx_word' id='word_1_60' title='bbox 462 1845 631 1916; x_wconf 82' lang='lat' dir='ltr'>concutit</span> <span class='ocrx_word' id='word_1_61' title='bbox 649 1868 731 1914; x_wconf 85' lang='lat' dir='ltr'>ossa</span> <span class='ocrx_word' id='word_1_62' title='bbox 751 1867 873 1935; x_wconf 87' lang='lat' dir='ltr'>pavor.</span> 
     </span>
    </p>

    <p class='ocr_par' dir='ltr' id='par_1_9' title="bbox 65 1978 1116 2220">
     <span class='ocr_line' id='line_1_13' title="bbox 65 1978 1112 2075; baseline 0.003 -23"><span class='ocrx_word' id='word_1_63' title='bbox 65 1986 106 2019; x_wconf 92' lang='lat'><strong>“</strong></span> <span class='ocrx_word' id='word_1_64' title='bbox 127 1978 227 2057; x_wconf 78' lang='lat' dir='ltr'>Ibis?</span> <span class='ocrx_word' id='word_1_65' title='bbox 255 1997 331 2053; x_wconf 87' lang='lat' dir='ltr'>eto</span> <span class='ocrx_word' id='word_1_66' title='bbox 349 1983 515 2054; x_wconf 83' lang='lat' dir='ltr'>miseram</span> <span class='ocrx_word' id='word_1_67' title='bbox 536 1984 597 2055; x_wconf 94' lang='lat' dir='ltr'>cui</span> <span class='ocrx_word' id='word_1_68' title='bbox 615 2008 683 2066; x_wconf 88' lang='lat' dir='ltr'>me,</span> <span class='ocrx_word' id='word_1_69' title='bbox 700 1983 883 2068; x_wconf 88' lang='lat' dir='ltr'>moriture,</span> <span class='ocrx_word' id='word_1_70' title='bbox 901 1981 1112 2075; x_wconf 85' lang='lat' dir='ltr'>relinques?</span> 
     </span>
     <span class='ocr_line' id='line_1_14' title="bbox 134 2123 1116 2220; baseline 0.003 -24"><span class='ocrx_word' id='word_1_71' title='bbox 134 2133 154 2165; x_wconf 90' lang='lat'><strong>“</strong></span> <span class='ocrx_word' id='word_1_72' title='bbox 174 2123 250 2197; x_wconf 87' lang='lat' dir='ltr'><strong>Ibis</strong></span> <span class='ocrx_word' id='word_1_73' title='bbox 268 2124 313 2196; x_wconf 85' lang='lat' dir='ltr'>ab</span> <span class='ocrx_word' id='word_1_74' title='bbox 332 2126 505 2220; x_wconf 86' lang='lat' dir='ltr'>amplexu</span> <span class='ocrx_word' id='word_1_75' title='bbox 526 2141 652 2219; x_wconf 86' lang='lat' dir='ltr'>raptus</span> <span class='ocrx_word' id='word_1_76' title='bbox 672 2126 715 2197; x_wconf 88' lang='lat' dir='ltr'>ad</span> <span class='ocrx_word' id='word_1_77' title='bbox 734 2148 832 2197; x_wconf 86' lang='lat' dir='ltr'>arma</span> <span class='ocrx_word' id='word_1_78' title='bbox 851 2124 961 2197; x_wconf 86' lang='lat' dir='ltr'>meo?</span> <span class='ocrx_word' id='word_1_79' title='bbox 1073 2134 1116 2201; x_wconf 89' lang='grc'>10</span> 
     </span>
    </p>

    <p class='ocr_par' dir='ltr' id='par_1_10' title="bbox 69 2262 1057 2505">
     <span class='ocr_line' id='line_1_15' title="bbox 69 2262 1057 2361; baseline 0.003 -25"><span class='ocrx_word' id='word_1_80' title='bbox 69 2267 106 2307; x_wconf 82' lang='grc'>“</span> <span class='ocrx_word' id='word_1_81' title='bbox 129 2262 281 2361; x_wconf 83' lang='lat' dir='ltr'>Ergone,</span> <span class='ocrx_word' id='word_1_82' title='bbox 299 2266 373 2348; x_wconf 87' lang='lat' dir='ltr'>dic,</span> <span class='ocrx_word' id='word_1_83' title='bbox 392 2268 505 2339; x_wconf 83' lang='lat' dir='ltr'>nostri</span> <span class='ocrx_word' id='word_1_84' title='bbox 526 2283 560 2338; x_wconf 90' lang='lat' dir='ltr'>te</span> <span class='ocrx_word' id='word_1_85' title='bbox 580 2281 654 2338; x_wconf 91' lang='lat' dir='ltr'>tam</span> <span class='ocrx_word' id='word_1_86' title='bbox 673 2267 749 2339; x_wconf 72' lang='lat' dir='ltr'>citu</span> <span class='ocrx_word' id='word_1_87' title='bbox 769 2267 882 2339; x_wconf 87' lang='lat' dir='ltr'>taedet</span> <span class='ocrx_word' id='word_1_88' title='bbox 900 2264 1057 2339; x_wconf 84' lang='lat' dir='ltr'>amoris?</span> 
     </span>
     <span class='ocr_line' id='line_1_16' title="bbox 136 2407 939 2505; baseline 0.001 -24"><span class='ocrx_word' id='word_1_89' title='bbox 136 2419 157 2452; x_wconf 87' lang='lat'><strong>“</strong></span> <span class='ocrx_word' id='word_1_90' title='bbox 175 2407 320 2481; x_wconf 88' lang='lat' dir='ltr'>Siccine</span> <span class='ocrx_word' id='word_1_91' title='bbox 339 2411 541 2505; x_wconf 82' lang='lat' dir='ltr'>pollicitam</span> <span class='ocrx_word' id='word_1_92' title='bbox 560 2426 633 2482; x_wconf 88' lang='lat' dir='ltr'>stat</span> <span class='ocrx_word' id='word_1_93' title='bbox 648 2411 782 2482; x_wconf 87' lang='lat' dir='ltr'>violare</span> <span class='ocrx_word' id='word_1_94' title='bbox 800 2409 939 2482; x_wconf 85' lang='lat' dir='ltr'>fidem?</span> 
     </span>
    </p>

    <p class='ocr_par' dir='ltr' id='par_1_11' title="bbox 84 2547 1117 2645">
     <span class='ocr_line' id='line_1_17' title="bbox 84 2547 1117 2645; baseline -0.003 -22"><span class='ocrx_word' id='word_1_95' title='bbox 84 2554 115 2590; x_wconf 85' lang='lat'><strong>“</strong></span> <span class='ocrx_word' id='word_1_96' title='bbox 133 2548 219 2641; x_wconf 72' lang='lat' dir='ltr'>Quo</span> <span class='ocrx_word' id='word_1_97' title='bbox 235 2550 333 2624; x_wconf 84' lang='lat' dir='ltr'>ruis?</span> <span class='ocrx_word' id='word_1_98' title='bbox 355 2551 554 2645; x_wconf 85' lang='lat' dir='ltr'>imparibus</span> <span class='ocrx_word' id='word_1_99' title='bbox 569 2550 664 2622; x_wconf 73' lang='lat' dir='ltr'>male</span> <span class='ocrx_word' id='word_1_100' title='bbox 682 2563 921 2622; x_wconf 88' lang='lat' dir='ltr'>concurretur</span> <span class='ocrx_word' id='word_1_101' title='bbox 939 2549 974 2619; x_wconf 91' lang='lat' dir='ltr'>in</span> <span class='ocrx_word' id='word_1_102' title='bbox 991 2547 1117 2634; x_wconf 87' lang='lat' dir='ltr'>armis;</span> 
     </span>
    </p>
   </div>
   <div class='ocr_carea' id='block_1_6' title="bbox 138 2690 961 2785">
    <p class='ocr_par' dir='ltr' id='par_1_12' title="bbox 138 2690 961 2785">
     <span class='ocr_line' id='line_1_18' title="bbox 138 2690 961 2785; baseline -0.001 -20"><span class='ocrx_word' id='word_1_103' title='bbox 138 2702 160 2735; x_wconf 89' lang='lat'><strong>“</strong></span> <span class='ocrx_word' id='word_1_104' title='bbox 178 2692 294 2767; x_wconf 84' lang='lat' dir='ltr'>Estne</span> <span class='ocrx_word' id='word_1_105' title='bbox 312 2694 378 2766; x_wconf 91' lang='lat' dir='ltr'>tibi</span> <span class='ocrx_word' id='word_1_106' title='bbox 398 2694 495 2766; x_wconf 88' lang='lat' dir='ltr'>binis</span> <span class='ocrx_word' id='word_1_107' title='bbox 515 2692 683 2765; x_wconf 90' lang='lat' dir='ltr'>hostibus</span> <span class='ocrx_word' id='word_1_108' title='bbox 701 2705 785 2785; x_wconf 84' lang='lat' dir='ltr'>apta</span> <span class='ocrx_word' id='word_1_109' title='bbox 804 2690 961 2764; x_wconf 88' lang='lat' dir='ltr'>manus?</span> 
     </span>
    </p>
   </div>
   <div class='ocr_carea' id='block_1_7' title="bbox 10 2829 1121 2928">
    <p class='ocr_par' dir='ltr' id='par_1_13' title="bbox 10 2829 1121 2928">
     <span class='ocr_line' id='line_1_19' title="bbox 10 2829 1121 2928; baseline 0.002 -25"><span class='ocrx_word' id='word_1_110' title='bbox 10 2852 12 2887; x_wconf 77' lang='lat'><em>2</em></span> <span class='ocrx_word' id='word_1_111' title='bbox 98 2836 118 2869; x_wconf 86' lang='lat'><strong>“</strong></span> <span class='ocrx_word' id='word_1_112' title='bbox 134 2831 254 2924; x_wconf 85' lang='lat' dir='ltr'>Quam</span> <span class='ocrx_word' id='word_1_113' title='bbox 266 2847 388 2907; x_wconf 88' lang='lat' dir='ltr'>tamen</span> <span class='ocrx_word' id='word_1_114' title='bbox 399 2860 447 2907; x_wconf 87' lang='lat' dir='ltr'>ex</span> <span class='ocrx_word' id='word_1_115' title='bbox 462 2835 534 2905; x_wconf 90' lang='lat' dir='ltr'>isto</span> <span class='ocrx_word' id='word_1_116' title='bbox 545 2858 667 2928; x_wconf 89' lang='lat' dir='ltr'>speres</span> <span class='ocrx_word' id='word_1_117' title='bbox 679 2830 874 2904; x_wconf 86' lang='lat' dir='ltr'>certamine</span> <span class='ocrx_word' id='word_1_118' title='bbox 885 2829 1054 2904; x_wconf 85' lang='lat' dir='ltr'>landem?</span> <span class='ocrx_word' id='word_1_119' title='bbox 1079 2842 1121 2904; x_wconf 83' lang='lat'>15</span> 
     </span>
    </p>
   </div>
   <div class='ocr_carea' id='block_1_8' title="bbox 98 2970 1130 3633">
    <p class='ocr_par' dir='ltr' id='par_1_14' title="bbox 98 2970 1130 3633">
     <span class='ocr_line' id='line_1_20' title="bbox 140 2970 1106 3070; baseline 0 -24"><span class='ocrx_word' id='word_1_120' title='bbox 140 2981 161 3017; x_wconf 93' lang='lat'><strong>“</strong></span> <span class='ocrx_word' id='word_1_121' title='bbox 179 2973 280 3064; x_wconf 86' lang='lat' dir='ltr'>Quis</span> <span class='ocrx_word' id='word_1_122' title='bbox 298 2975 364 3047; x_wconf 91' lang='lat' dir='ltr'>tibi</span> <span class='ocrx_word' id='word_1_123' title='bbox 384 2975 428 3046; x_wconf 92' lang='lat' dir='ltr'>de</span> <span class='ocrx_word' id='word_1_124' title='bbox 448 2975 613 3070; x_wconf 81' lang='lat' dir='ltr'>profugo,</span> <span class='ocrx_word' id='word_1_125' title='bbox 629 2972 766 3058; x_wconf 84' lang='lat' dir='ltr'>Turne,</span> <span class='ocrx_word' id='word_1_126' title='bbox 783 2970 994 3065; x_wconf 88' lang='lat' dir='ltr'>triumphus</span> <span class='ocrx_word' id='word_1_127' title='bbox 1012 2971 1106 3046; x_wconf 87' lang='lat' dir='ltr'>erit?</span> 
     </span>
     <span class='ocr_line' id='line_1_21' title="bbox 102 3112 1046 3210; baseline -0.001 -26"><span class='ocrx_word' id='word_1_128' title='bbox 102 3112 251 3187; x_wconf 87' lang='lat' dir='ltr'>“Iliaco</span> <span class='ocrx_word' id='word_1_129' title='bbox 270 3138 384 3210; x_wconf 90' lang='lat' dir='ltr'>quem</span> <span class='ocrx_word' id='word_1_130' title='bbox 403 3115 465 3186; x_wconf 87' lang='lat' dir='ltr'>vix</span> <span class='ocrx_word' id='word_1_131' title='bbox 486 3114 653 3207; x_wconf 89' lang='lat' dir='ltr'>elapsum</span> <span class='ocrx_word' id='word_1_132' title='bbox 672 3138 720 3184; x_wconf 88' lang='lat' dir='ltr'>ex</span> <span class='ocrx_word' id='word_1_133' title='bbox 740 3113 834 3206; x_wconf 87' lang='lat' dir='ltr'>igne,</span> <span class='ocrx_word' id='word_1_134' title='bbox 854 3125 1046 3208; x_wconf 85' lang='lat' dir='ltr'>vagantem</span> 
     </span>
     <span class='ocr_line' id='line_1_22' title="bbox 141 3251 1058 3347; baseline 0 -21"><span class='ocrx_word' id='word_1_135' title='bbox 141 3262 164 3296; x_wconf 91' lang='lat'>“</span> <span class='ocrx_word' id='word_1_136' title='bbox 184 3251 253 3326; x_wconf 89' lang='lat' dir='ltr'>Per</span> <span class='ocrx_word' id='word_1_137' title='bbox 270 3278 378 3336; x_wconf 88' lang='lat' dir='ltr'>mare,</span> <span class='ocrx_word' id='word_1_138' title='bbox 398 3278 462 3347; x_wconf 88' lang='lat' dir='ltr'>per</span> <span class='ocrx_word' id='word_1_139' title='bbox 479 3267 601 3341; x_wconf 87' lang='lat' dir='ltr'>terras,</span> <span class='ocrx_word' id='word_1_140' title='bbox 621 3253 778 3347; x_wconf 86' lang='lat' dir='ltr'>plurima</span> <span class='ocrx_word' id='word_1_141' title='bbox 791 3252 910 3343; x_wconf 87' lang='lat' dir='ltr'>jactat</span> <span class='ocrx_word' id='word_1_142' title='bbox 929 3252 1058 3326; x_wconf 89' lang='lat' dir='ltr'>hiems.</span> 
     </span>
     <span class='ocr_line' id='line_1_23' title="bbox 98 3391 1126 3491; baseline 0 -26"><span class='ocrx_word' id='word_1_143' title='bbox 98 3401 118 3438; x_wconf 87' lang='lat'><strong>“</strong></span> <span class='ocrx_word' id='word_1_144' title='bbox 136 3391 249 3491; x_wconf 81' lang='lat' dir='ltr'>Finge</span> <span class='ocrx_word' id='word_1_145' title='bbox 268 3394 387 3490; x_wconf 84' lang='lat' dir='ltr'>(quod</span> <span class='ocrx_word' id='word_1_146' title='bbox 405 3393 586 3488; x_wconf 84' lang='lat' dir='ltr'>eveniatl)</span> <span class='ocrx_word' id='word_1_147' title='bbox 617 3394 758 3465; x_wconf 90' lang='lat' dir='ltr'>victum</span> <span class='ocrx_word' id='word_1_148' title='bbox 777 3393 973 3466; x_wconf 87' lang='lat' dir='ltr'>certamine</span> <span class='ocrx_word' id='word_1_149' title='bbox 989 3427 998 3479; x_wconf 88' lang='lat'><strong>;</strong></span> <span class='ocrx_word' id='word_1_150' title='bbox 1027 3395 1126 3465; x_wconf 92' lang='lat' dir='ltr'>victo</span> 
     </span>
     <span class='ocr_line' id='line_1_24' title="bbox 142 3532 1130 3633; baseline -0.002 -24"><span class='ocrx_word' id='word_1_151' title='bbox 142 3544 166 3583; x_wconf 76' lang='lat'>‘⁴</span> <span class='ocrx_word' id='word_1_152' title='bbox 187 3535 374 3632; x_wconf 84' lang='lat' dir='ltr'>Expediet</span> <span class='ocrx_word' id='word_1_153' title='bbox 390 3535 534 3607; x_wconf 83' lang='lat' dir='ltr'>facilem</span> <span class='ocrx_word' id='word_1_154' title='bbox 555 3534 695 3633; x_wconf 84' lang='lat' dir='ltr'>Cypria</span> <span class='ocrx_word' id='word_1_155' title='bbox 714 3532 814 3607; x_wconf 87' lang='lat' dir='ltr'>Diva</span> <span class='ocrx_word' id='word_1_156' title='bbox 830 3535 967 3633; x_wconf 83' lang='lat' dir='ltr'>fugam.</span> <span class='ocrx_word' id='word_1_157' title='bbox 1082 3544 1130 3608; x_wconf 75' lang='lat'>90</span> 
     </span>
    </p>
   </div>
   <div class='ocr_carea' id='block_1_9' title="bbox 0 0 1340 4836">
    <p class='ocr_par' dir='ltr' id='par_1_15' title="bbox 0 0 1340 4836">
     <span class='ocr_line' id='line_1_25' title="bbox 0 0 1340 4836; baseline 0 0"><span class='ocrx_word' id='word_1_158' title='bbox 0 0 1340 4836; x_wconf 95' lang='lat' dir='ltr'> </span> 
     </span>
    </p>
   </div>
  </div>
 </body>
</html>
