2678 4830
428 518 568 591 MUSAE
601 519 891 578 nrounusns.
1112 508 1185 594 283

151 772 153 776 ,
193 687 355 786 “Oqui
376 714 440 786 per
456 690 575 765 coelos
592 694 743 765 motatis
760 693 873 766 flabra
889 705 1102 789 quaternos,
1209 752 1211 762 .

143 842 169 877 “
189 829 328 907 Venti!
358 858 439 929 pars
457 835 603 909 levibus
621 836 758 930 placidi
776 835 911 930 spirate
929 836 1101 927 susurris,

144 985 170 1020 “
190 971 277 1049 Pars
295 976 444 1050 fremitu
459 977 601 1076 ingenti
619 990 658 1050 et
673 1003 787 1051 rauco
801 979 972 1051 exultate
990 979 1170 1055 tumultu.

125 1158 128 1163 ·
195 1125 218 1162 “
238 1115 319 1192 Vos
336 1141 510 1213 quercus,
529 1120 718 1215 celsaeque
737 1121 800 1216 pio
820 1119 1034 1194 submittite
1051 1135 1147 1196 nutu

144 1267 171 1315 ‘t
183 1255 416 1332 Frondiferos
428 1259 809 1357 apicesumbrosaque
820 1262 986 1334 culmina
998 1262 1122 1355 pinus.
1137 1273 1186 1346 70

196 1405 220 1443 ‘⁶
240 1397 392 1474 Cuncta
408 1402 522 1475 simul
541 1426 652 1475 voces
671 1394 862 1475 communi
885 1402 1057 1475 animalia
1073 1401 1185 1477 cantu

146 1550 171 1585 ‘⁸
190 1538 444 1638 Ingeminate!
475 1537 593 1616 Chori
609 1543 820 1626 volucrum,
839 1543 903 1639 qui
925 1517 1064 1617 vertice
1081 1543 1187 1618 nidos

144 1691 169 1724 ‘⁶
190 1678 306 1756 Aerio
324 1684 482 1770 struitis,
501 1683 666 1780 coelique
687 1684 886 1758 ascenditis
904 1685 1039 1770 aulam,
1096 1772 1107 1791 θ

147 1831 172 1866 “
193 1821 612 1934 Cautumassurgentes
630 1804 828 1921 crepitanti
846 1827 890 1897 ad
910 1826 1026 1898 sidera
1044 1827 1167 1921 penna

147 1975 173 2010 ‘⁶
185 1963 336 2050 Tollite,
351 1979 389 2038 et
402 1931 571 2063 ingentes
586 1967 714 2039 efferte
727 1991 790 2060 per
802 1968 943 2040 aetlrera
955 1968 1123 2062 plausus.
1141 1977 1190 2051 75

148 2120 173 2154 “
190 2107 471 2204 Squamigerum
485 2075 613 2204 pecua,
625 2133 813 2204 aequoreae
823 2134 912 2205 gens
924 2110 1019 2182 salsa
1031 2110 1189 2205 paludis,

147 2259 173 2292 “
192 2247 480 2346 Terrigenaeque
492 2250 618 2334 simul,
634 2251 858 2345 quicunque
875 2265 939 2327 aut
955 2250 1102 2322 curritis
1117 2249 1193 2321 alto

150 2399 175 2436 “
195 2390 364 2474 lncessu,
382 2403 449 2462 aut
468 2389 600 2462 humili
619 2413 750 2485 segnes
768 2389 919 2485 raptatis
937 2389 1056 2479 areni,
1152 2466 1154 2468 ,

150 2541 175 2576 “
196 2531 275 2605 Vos
294 2546 421 2618 testor,
440 2534 471 2605 si
491 2557 599 2606 mane
616 2557 754 2628 preces,
773 2533 804 2604 si
823 2557 976 2628 vespere
994 2533 1107 2611 nostri

152 2684 176 2718 “
197 2672 418 2749 Concentus
432 2677 590 2750 sileant:
617 2643 854 2773 silvaequeet
873 2677 1028 2750 flumina
1049 2677 1122 2750 late
1149 2686 1197 2753 80

153 2814 404 2911 “Ul'erpetuos
423 2818 580 2891 referent
597 2831 755 2902 eantus;
783 2817 910 2890 iterata
927 2780 1075 2890 sonabit

153 2965 176 2999 “
193 2955 481 3064 Carminamons
496 2956 874 3053 circumrecinetque
886 2960 1197 3055 reciprocavallis

207 3107 230 3143 “
249 3098 310 3173 Tu
329 3079 466 3187 tamen,
486 3081 752 3194 Omnipotens,
771 3100 892 3173 felicia
910 3102 1014 3174 solus
1032 3101 1150 3175 amica

157 3247 180 3284 “
201 3236 313 3311 Dona
331 3264 443 3313 manu
463 3219 670 3326 tribuas,et
686 3240 718 3312 si
737 3254 907 3312 concreta
925 3241 1053 3314 fefellit

156 3395 179 3427 “
198 3380 267 3477 Per
282 3401 431 3458 noctem
446 3385 556 3475 labeS,
573 3401 895 3482 quaecnnqueest,
910 3403 1052 3460 excute
1066 3386 1201 3463 nostris

158 3538 181 3572 ‘⁶
197 3529 435 3614 Pectoribus;
451 3529 630 3628 fugathac
642 3529 761 3605 veluti
772 3530 828 3604 sol
843 3529 928 3603 luce
939 3526 1200 3604 tenebras.’'86.
