2670 4836
404 454 548 517 unsa·
568 458 857 516 nnounusas.
1113 454 1160 528 93
1191 439 1194 443 ’

335 726 498 776 vorrsqtls
512 726 603 770 Mill!
618 724 836 771 vestanum
850 722 948 770 ΕΗΒ·

138 861 215 920 Jones.
1007 883 1035 922 Δ.
1046 882 1073 923 ι.
1087 871 1163 923 17⁶4.

527 1040 764 1085 π
821 1066 825 1073 ·

137 1173 252 1259 Sirra
270 1199 398 1274 ratem,
415 1187 636 1283 quicunque
651 1188 733 1262 freti
752 1209 905 1260 securus
921 1199 961 1261 et
976 1210 1077 1264 aurae
1181 1279 1184 1286 Ι

191 1320 349 1422 Negligia
367 1325 489 1412 iratos,
508 1351 604 1422 quus
624 1328 734 1401 habet
749 1329 859 1412 unda,
879 1325 996 1403 Deos.

155 1453 220 1537 Nec
232 1463 490 1559 prideoecanu
506 1468 669 1563 fragilem
685 1468 879 1541 committe
891 1468 1053 1547 carinam

190 1601 304 1695 Qudrn
321 1604 453 1681 Thetis
471 1608 628 1702 accipiat
645 1607 714 1681 rite
731 1622 860 1681 vocata
876 1630 1014 1702 preces.

104 1794 106 1805 .
156 1738 341 1839 Liba-laras,
356 1752 536 1846 ventique
548 1751 913 1848 memorsubitaeque
927 1750 1113 1846 procella,
1136 1746 1181 1833 δ’

188 1889 322 1969 Fleclat
340 1909 379 1968 et
394 1918 615 1990 raquoreum
629 1896 779 1968 victima
796 1918 893 1968 caesa
909 1893 1058 1968 Jovem.

154 2027 215 2109 Nec
230 2038 338 2109 maria
355 2050 420 2108 aut
439 2035 523 2109 curli
542 2035 697 2130 pellacia
714 2034 880 2130 linquere
897 2048 1045 2127 portum

188 2175 361 2260 Suadeat;
390 2178 489 2250 haud
505 2191 652 2249 servant
672 2191 809 2272 pontus
825 2189 863 2248 et
880 2200 967 2248 eura
983 2175 1107 2250 sidem.

154 2314 231 2393 Nam
247 2345 316 2427 nec
334 2335 455 2415 spreta
471 2321 568 2392 leves
583 2332 736 2414 poscent
750 2318 822 2392 sibi
842 2316 995 2391 numina
1012 2340 1160 2414 poenas;

188 2460 366 2537 Devotam
384 2463 489 2535 feriet
502 2460 604 2553 justa
624 2459 784 2555 procella
800 2473 926 2532 ratem.
1120 2469 1165 2536 10

153 2599 290 2702 lamque
306 2607 380 2703 regi
399 2605 572 2678 indocilis
587 2627 659 2678 non
678 2618 766 2689 arte,
783 2603 848 2675 aed
867 2603 1017 2698 impete,
1035 2603 1149 2678 fertur

191 2744 253 2821 Per
268 2747 479 2840 coniuratas
498 2747 620 2820 territa
639 2745 776 2841 puppis
793 2766 921 2839 aquas.

120 2858 124 2869 Ι
155 2885 322 2985 Accipiet,
339 2880 507 2986 scopulis
523 2888 582 2960 vel
601 2888 757 2974 surdior,
771 2910 861 2960 aure
878 2885 1058 2983 qurelam,

191 3030 266 3106 Nec
283 3032 373 3105 leret
391 3029 576 3103 auxilium
594 3051 697 3123 aaepe
713 3038 844 3102 vocata
861 3025 1006 3098 Thetis.

154 3168 223 3267 lpse
237 3174 348 3248 etiam
362 3172 570 3268 intrepidus
585 3183 688 3272 pates
703 3169 906 3244 retinacula
921 3167 1071 3243 solvens
1125 3177 1169 3242 16

191 3313 321 3389 lalelix
338 3314 496 3388 dubium
515 3314 688 3387 carminis
704 3327 808 3414 urget
826 3314 916 3387 iter:

151 3453 231 3531 Vela
246 3459 308 3532 dal
324 3458 466 3532 oblitus
485 3455 634 3545 Phoebi,
652 3455 717 3529 sed
731 3467 838 3529 vecta
854 3479 919 3549 per
936 3451 1071 3525 undam

188 3598 346 3698 Navigat
363 3600 526 3674 inlausta
544 3598 693 3672 flamine
710 3595 821 3671 missa
838 3596 937 3669 ratis.

145 3742 220 3815 Nec
236 3741 361 3817 minus
378 3742 550 3817 incautos
569 3741 628 3814 lric
643 3737 802 3834 perdidit
818 3761 914 3812 error
930 3750 1108 3825 amanter,

184 3883 274 3960 Sera
289 3884 391 3959 dolet
407 3884 533 3960 laesam
552 3897 674 3982 spreta
689 3881 818 3955 marita
836 3879 960 3955 iidem.
1125 3892 1173 3956 20
