2670 4836
73 484 76 489 ’
154 492 228 560 ³22
467 509 601 567 nusn
632 508 929 569 suonsnsns.

160 680 223 755 sic
242 680 306 755 ubi
327 678 511 757 Vinsoriae
529 696 657 765 turres,
678 680 742 755 ubi
761 683 850 756 visis
869 682 1041 770 Etonam,
1079 753 1081 758 ,

210 821 312 897 Inter
331 822 472 899 Pierios
490 824 582 898 alter
600 821 740 919 Apollo
758 825 902 914 choros,

158 962 247 1038 Lux
266 966 396 1039 festiva
412 969 553 1064 agitur;
580 980 683 1039 votes
700 993 767 1042 sua
785 969 921 1064 templa
941 968 1079 1067 Georgi

207 1107 368 1183 Munere
383 1123 420 1181 et
439 1108 600 1183 adventu
621 1082 813 1182 nobilitata
832 1120 985 1181 canunt.

156 1248 229 1324 Seu
245 1247 438 1324 Themesis
452 1251 591 1345 spatior
602 1250 723 1348 glauci
743 1272 854 1344 prope
868 1248 987 1333 litora,
999 1247 1116 1321 fessos
1144 1257 1188 1323 25

205 1391 293 1483 Qui
309 1392 440 1466 bibulo
459 1395 592 1467 invitat
608 1395 770 1491 gramine
789 1394 867 1488 ripa
883 1391 1021 1487 pedes3

154 1530 224 1605 Vel
244 1533 273 1605 si
294 1534 500 1628 porticibus
521 1558 675 1625 vacuus,
695 1534 850 1607 laetosve
868 1555 1010 1628 pererro

203 1671 401 1747 Gressibus
420 1674 568 1749 incertis
586 1674 828 1747 incomitatus
845 1696 973 1770 ogr0s3

154 1813 329 1887 Demisso
347 1815 469 1900 vultu,
487 1829 525 1887 et
544 1815 659 1887 tacito
678 1838 793 1910 vagus
808 1837 884 1899 ore,
904 1827 1054 1888 tuorum

202 1952 366 2027 Delicias
384 1978 537 2027 veneror
555 1969 604 2042 te,
621 1957 852 2052 geniumque
869 1954 957 2030 loci.
1141 1965 1181 2034 ³0

151 2094 186 2169 O
207 2095 346 2189 templa
362 2097 588 2192 augustique
607 2097 720 2170 lares!
749 2119 772 2167 ο
792 2093 953 2170 Palladis
971 2111 1061 2184 arto,

200 2235 246 2308 Et
263 2249 404 2308 structa
425 2233 578 2309 Henrici
598 2259 750 2308 munere
767 2259 867 2308 sacra
883 2235 1038 2312 domus!

77 2435 80 2442 .
151 2376 290 2474 Regius
308 2379 400 2451 alter
416 2378 519 2451 adest
536 2391 726 2473 patronus,
743 2390 782 2450 et
799 2379 890 2452 alter
903 2378 1040 2455 Etonae

8 2614 11 2623 Ι
199 2516 377 2590 Praesenti
400 2517 587 2590 Henricus
603 2519 742 2612 templa
760 2534 887 2593 tuetur
902 2541 987 2618 ope.

19 2749 28 2755 ἱ
148 2657 248 2733 Haec
264 2683 360 2757 ergo,
379 2659 485 2734 sileat
502 2660 533 2732 si
553 2684 627 2733 vox
648 2685 741 2748 mea,
756 2686 849 2737 voce
866 2675 1021 2737 canetur
1137 2677 1177 2742 36

194 2801 303 2876 Festa
319 2807 511 2898 poetarum
531 2801 709 2876 nobiliore
726 2804 806 2878 dies
819 2831 843 2895 z,

144 2939 227 3014 Nec
246 2943 404 3038 pretium
419 2941 551 3016 cantlls
569 2957 698 3038 poscet
716 2944 778 3037 pia
796 2942 933 3030 Musa;
959 2947 1084 3043 po'e'tae

191 3081 256 3160 Sat
271 3081 393 3158 decori
414 3083 542 3158 laudes
559 3084 609 3158 sit
627 3085 806 3160 cecinisse
824 3100 919 3164 tuas.
