2670 4836
422 492 557 595 trusus
587 537 875 594 urouunsas.
1115 522 1164 594 7³

154 700 276 777 Nullus
291 717 365 778 erat
381 736 390 790 ;
418 732 618 802 rursusque
632 712 762 783 oculos
781 731 981 804 rursusque
999 708 1169 796 tetendit,

195 846 329 943 Perque
347 848 477 942 polum
497 852 612 923 movit
629 854 782 938 lumina,
800 851 926 922 nullus
946 865 1033 924 erat.

155 985 274 1063 Cultus
293 991 408 1074 adest,
427 1015 563 1064 numen
583 995 694 1065 simul
712 1010 824 1089 atque
842 994 1019 1076 evanuit3
1047 1017 1122 1066 aras

194 1130 249 1205 Sol
268 1134 383 1227 magis
400 1135 582 1218 accendit,
601 1135 690 1206 dum
711 1161 803 1206 suus
822 1136 917 1231 ignis
935 1135 1060 1207 abest:

154 1268 192 1344 Et
205 1274 294 1370 fugit
313 1275 350 1343 in
370 1273 548 1358 tenebras
567 1289 611 1347 ut
629 1301 668 1346 se
686 1278 793 1369 cupit
811 1278 891 1369 ipse
907 1277 1037 1361 videri,
1125 1287 1173 1350 25

190 1409 338 1484 Scilicet
358 1427 476 1506 utque
494 1429 602 1486 acuat
622 1415 775 1497 lumina,
795 1429 905 1487 nocte
923 1416 1025 1510 tegit.

145 1552 202 1626 Sic
221 1554 292 1625 tela
310 1554 481 1641 illustrat,
501 1555 590 1625 dum
609 1553 751 1643 deterit,
772 1554 877 1648 ignea
898 1553 1066 1629 Phoebus
1082 1586 1093 1642 ;

190 1691 374 1787 Deposito
396 1692 540 1766 Phoebo
558 1694 719 1765 sanctior
737 1718 858 1788 usque
877 1696 978 1768 latet.

143 1834 242 1927 Quae
260 1858 359 1906 mora
378 1834 552 1920 tardabat,
572 1859 660 1928 quae
678 1859 789 1907 causa
809 1836 931 1932 ignota
949 1860 1096 1910 serenos
1162 1914 1166 1918 ,

191 1975 363 2048 Foedavit
381 1975 523 2060 vultus,
541 1973 618 2060 Sol,
636 1974 871 2067 dubiumque
889 1975 986 2046 diem
1004 1976 1017 2048 ?
1129 1987 1178 2052 30

146 2117 263 2201 Num,
281 2130 405 2188 manet
425 2116 580 2188 Alcides
598 2115 687 2186 dum
707 2117 811 2186 terris
830 2117 931 2198 alter,
950 2118 1080 2189 arnicae

195 2254 267 2327 Dls
284 2258 407 2327 visum
426 2269 482 2325 est
501 2255 599 2326 nocti
619 2256 850 2325 conseruisse
868 2256 995 2327 dieur?

147 2396 314 2471 Hercule
332 2418 403 2467 non
422 2417 518 2488 opus
537 2408 594 2465 est
610 2423 619 2479 ;
647 2395 792 2487 pacavit
811 2394 995 2491 Georgius
1012 2396 1136 2470 orbem
1154 2427 1165 2483 ;

197 2538 264 2612 Eia
281 2562 359 2634 age,
376 2536 618 2620 subductum,
640 2533 868 2628 Pliosphore,
888 2538 996 2609 redde
1009 2538 1131 2628 jubar.

146 2679 371 2754 Primoevam
387 2678 543 2748 asseruit
561 2676 626 2770 qui
647 2675 794 2749 flamma
812 2676 957 2748 vindice
975 2678 1110 2768 lucem,
1133 2692 1181 2759 86

197 2825 284 2900 Non
305 2828 438 2899 iterum
455 2823 594 2898 aeterna
611 2837 721 2894 nocte
738 2824 958 2915 premendus
976 2825 1056 2897 erit.

147 2969 202 3067 Ni
220 2969 379 3065 populos
397 2969 494 3040 almo
512 2977 711 3058 vatemque
727 2963 894 3034 reviseris
913 2975 1009 3045 ortu,

171 3068 184 3082 .
203 3107 302 3202 Quis
321 3107 387 3182 tibi
405 3108 571 3191 desectus
588 3115 625 3176 te
641 3103 733 3190 sine,
754 3101 910 3188 Phoebe,
928 3104 1061 3176 canet?
