2670 4836
143 515 192 586 72
435 532 568 588 uusn
597 533 892 591 tironenses.-

368 804 541 849 SUBLA'I'UM
563 808 605 848 EX
626 809 742 866 OCUMS
764 807 952 857 obmittitur.

146 908 247 963 Foster.
1023 926 1050 964 r.
1063 927 1088 964 o.
1102 917 1177 967 ms.

568 1112 773 1123 m

564 1126 774 1146 ——1-

147 1263 207 1338 Eu
228 1265 606 1339 matutinlnictautia
623 1266 740 1339 sidera
758 1272 889 1339 nocte!

196 1406 467 1502 Occiduusque
484 1406 596 1491 subit,
615 1409 692 1479 sole
709 1409 861 1491 oriente,
878 1407 969 1479 dies.

147 1549 317 1624 AEstivns
336 1550 490 1622 tenebris
505 1563 672 1642 properat
689 1575 728 1619 se
746 1550 915 1633 condere,
931 1571 1023 1643 gyro

196 1690 361 1763 Solstitia
379 1705 415 1760 et
433 1689 543 1760 Titan
562 1691 729 1761 interiore
749 1690 870 1762 trahit.

148 1829 250 1903 Dum
270 1853 380 1912 soror,
399 1829 571 1900 excubiis
592 1829 685 1900 male
704 1855 921 1903 successura
937 1829 1094 1915 diurnis,
1157 1839 1184 1903 6

198 1967 400 2042 Plroebeam
418 1970 555 2039 evincit
575 1967 705 2040 lortibs
722 1995 810 2042 ausa
826 1971 957 2042 facem.

148 2108 296 2183 Siccine
314 2110 486 2181 fraternos
505 2110 675 2180 umbrosa
694 2111 881 2203 intercipis
901 2111 1014 2204 ignes,

197 2249 245 2322 Et
265 2251 397 2336 lucem,
418 2250 515 2321 unde
533 2263 636 2321 tuam
655 2248 826 2342 suscipis,
846 2251 924 2343 ipsa
942 2248 1108 2343 premisl

149 2392 185 2466 Si
207 2416 280 2486 qua
299 2391 401 2477 fides,
421 2391 529 2482 pleno
548 2390 635 2460 cum
655 2391 810 2461 creveris
828 2390 926 2472 orbe,
945 2389 1089 2462 dolebis

197 2530 320 2602 Triste
334 2531 480 2613 rubeus,
498 2529 636 2600 similes
653 2547 691 2601 ru
713 2554 866 2624 quoque
885 2557 988 2626 passa
1002 2533 1115 2605 vices.
1139 2542 1183 2607 10

153 2673 366 2756 Proximus,
387 2695 445 2758 en,
464 2673 574 2769 longo
587 2673 665 2763 jam
683 2674 875 2766 proximus
894 2673 1087 2748 intervallo

201 2814 415 2887 Luciferum
435 2813 627 2908 excipiens
647 2814 838 2908 Hesperus
856 2816 934 2908 ipse
951 2815 1068 2886 venit.

152 2958 210 3032 Ite
223 2959 376 3030 domurn
395 2959 578 3043 attonitae,
594 2960 695 3032 venit
714 2959 915 3054 Hesperus,
935 2959 987 3030 ite
1000 2958 1184 3046 volucres,

200 3101 248 3173 Et
267 3100 426 3173 Martem
441 3100 573 3190 jubeas
590 3102 742 3189 solvere,
761 3099 881 3184 Galle,
901 3112 1037 3173 metus.

152 3239 206 3315 At
224 3264 300 3334 quo
318 3240 488 3310 Niliacus
507 3254 610 3310 motu
632 3240 827 3333 trepidabit
844 3263 1015 3333 aruspex,
1139 3251 1184 3312 15

200 3378 403 3451 Memnone
421 3401 493 3448 non
513 3401 625 3449 vanos
643 3377 699 3449 bis
716 3379 890 3452 referente
905 3382 1049 3452 sonos?

152 3519 216 3595 Ah
234 3526 242 3592 l
272 3522 369 3613 quiS,
391 3517 512 3602 Persa,
531 3517 596 3590 tibi
617 3521 782 3592 cernenti
802 3522 888 3594 talia
905 3546 1050 3610 seusus,

202 3661 302 3737 Cirrn
322 3677 410 3733 tuus
429 3662 567 3734 aeternb
585 3662 695 3734 cessit
713 3661 756 3732 ab
775 3688 855 3735 arce
875 3663 981 3736 Deus
997 3664 1012 3737 l

153 3804 342 3899 Quaesivit
362 3803 481 3875 lucem
501 3805 611 3891 coelo,
630 3807 887 3903 ingemuitque
905 3806 1049 3903 negati,

202 3943 411 4023 Adversum
428 3942 616 4019 obtestans
633 3947 770 4042 pallida
787 3947 895 4022 turba
911 3946 1061 4022 Jovem.
1139 3956 1189 4021 90
