2670 4836
220 495 267 573 76
505 515 638 573 unsa
670 515 960 574 sronsnsns.

254 796 499 847 nsunlrunous
519 799 640 852 BONUS,
663 800 790 842 LONGOS
812 800 884 847 QUAE
906 798 1075 842 moueret?
1096 797 1219 845 10101·

224 900 340 956 warren.
1092 923 1120 957 Α.
1134 922 1162 960 o.
1175 911 1257 962 rm

220 1250 318 1326 Cuar
342 1251 507 1324 nondum
525 1250 673 1322 artificis
693 1275 795 1323 saevo
813 1250 948 1321 violata
966 1250 1118 1345 bipenni

270 1392 410 1464 Natiso
429 1393 547 1488 viguit
566 1392 709 1463 consita
727 1392 818 1461 silva
838 1391 932 1472 loco,

218 1531 315 1605 Tum
330 1534 432 1628 juga,
454 1548 532 1603 tum
553 1531 677 1617 valles,
696 1544 732 1600 et
751 1531 885 1602 amoeni
906 1529 1047 1625 frigoris
1065 1529 1194 1607 umbre

265 1671 386 1744 Pierio
407 1671 548 1765 placuit
565 1693 637 1739 non
657 1669 774 1739 aliena
794 1671 920 1741 choro.

217 1814 271 1887 At
285 1815 443 1905 comptis
464 1812 525 1883 ubi
547 1811 646 1882 nuda
663 1813 779 1883 cornis
797 1829 833 1883 et
854 1814 989 1885 vertice
1009 1827 1116 1889 tonso
1229 1832 1250 1893 5

269 1952 443 2025 Humanlt
462 1952 567 2045 periit
585 1951 766 2045 quaelibet
784 1951 887 2024 arbor
904 1976 988 2048 ope,
1106 2027 1108 2030 ,

220 2095 413 2170 Musarum
433 2095 555 2189 fugere
576 2093 736 2173 clrorus3
765 2091 988 2184 latebrisque
1006 2093 1144 2168 relictis

268 2237 453 2309 Orbatnm
472 2235 638 2332 Dryades
656 2234 847 2305 deseruere
866 2257 1010 2307 nemus

221 2379 371 2453 Scilicet
390 2376 520 2447 avulso
539 2392 629 2445 tunc
648 2399 813 2445 marcens
832 2375 969 2446 cortice
987 2389 1099 2450 taxus

272 2520 449 2591 Humana
467 2517 595 2587 accisis
615 2517 737 2587 induit
755 2540 816 2588 ora
833 2516 961 2590 comis.
1210 2532 1253 2595 10

223 2660 284 2737 Sic
301 2658 400 2729 abies
417 2657 524 2750 periit
541 2687 549 2738 ;
578 2656 685 2727 licuit
704 2654 783 2738 nec,
801 2657 949 2728 vindice
968 2656 1126 2744 Phoebo,

272 2800 451 2874 Crudeles
470 2800 571 2870 lauro
588 2798 709 2870 fallere
729 2823 835 2891 posse
852 2823 996 2874 manus.

221 2940 404 3014 Restituit
424 2952 586 3010 naturam
605 2938 701 3009 arvis
717 2941 927 3034 generosior
942 2953 1045 3026 aetas,

270 3083 318 3155 Et
337 3083 432 3154 facili
453 3082 632 3154 incultam
650 3083 860 3176 comprimit
878 3094 952 3154 arte
972 3083 1103 3158 Deam.

223 3223 359 3298 Abiete
375 3224 549 3309 succisssl,
567 3247 634 3293 sua
652 3221 799 3294 brachia
817 3222 927 3295 latius
946 3223 1020 3295 ilex
1210 3239 1252 3302 lo·

271 3361 439 3457 Porrigat,
458 3359 586 3432 effusis
606 3360 783 3432 nobiliora
801 3364 930 3434 comis.

222 3504 368 3579 Moenia
385 3503 598 3597 suppositos
618 3525 687 3574 non
708 3503 867 3597 amplius
886 3506 962 3578 nlla
977 3531 1154 3595 recessus,

272 3647 387 3718 Arcta
404 3669 471 3716 nee
488 3658 645 3717 errantes
664 3645 741 3739 ripa
759 3661 903 3718 coercet
920 3671 1045 3743 aquas.

220 3790 329 3882 Quos
346 3788 510 3881 pandunt
523 3813 670 3862 veneres
684 3790 816 3864 saltus!
840 3789 949 3881 Quos
959 3793 1052 3868 silva
1065 3802 1250 3871 recessus!

270 3928 323 4003 Ut
340 3938 441 4024 prata
457 3927 589 4001 aestivo
608 3930 724 4005 tincta
739 3932 870 4007 rubore
888 3935 1024 4032 vigent.
1204 3948 1255 4011 20
