2670 4836
362 517 497 598 riusa
525 515 818 573 urouuusrrs.
1054 514 1104 581 93

69 686 239 777 Quatuor
255 688 293 761 iu
313 690 456 784 patinas
472 687 591 761 divisa
607 702 665 762 est
683 690 793 763 unica
809 689 1000 783 quondam
1050 701 1100 765 45

68 826 237 913 Gallina;
263 828 373 903 inviti
394 830 516 926 pisces
532 829 764 926 meruiaeque
778 845 1003 926 sequuntur.

67 969 158 1046 Post
175 970 258 1045 haec
277 984 316 1047 et
334 974 406 1069 regi
421 987 460 1045 et
474 973 604 1068 patriae
623 972 784 1046 libamus
802 974 992 1047 bonorem.

64 1112 254 1188 Solvimur
270 1112 357 1186 inde
368 1114 481 1205 joco:
506 1114 568 1187 vel
585 1113 678 1209 quid
694 1113 901 1209 respublica
919 1114 1054 1211 poscit,

64 1252 173 1347 Quid
191 1254 301 1351 leges,
319 1254 525 1351 agitamus;
552 1268 590 1328 et
606 1253 740 1351 hospes
757 1255 904 1331 liberior
921 1280 1023 1333 nunc

69 1395 245 1497 (Quippe
262 1420 362 1471 mero
376 1397 514 1471 uvidus
530 1410 569 1470 et
585 1399 730 1471 sincero
745 1397 867 1473 elatus
883 1398 1038 1499 Iacobo)
1057 1413 1107 1479 50

68 1526 309 1623 Principibus
329 1551 451 1625 rerum
468 1540 507 1601 et
524 1527 713 1603 maledicit
730 1528 881 1623 utrique
896 1540 1042 1605 senatu.

120 1667 309 1744 Conditor
326 1670 464 1744 interea
480 1670 715 1744 rubicundus
732 1670 770 1741 in
786 1693 925 1743 oceano
940 1668 1010 1745 sol.

67 1808 267 1887 Contiuub
283 1812 470 1911 fugimus:
497 1836 562 1907 per
576 1811 727 1886 densam
746 1812 871 1909 auriga
884 1810 1060 1887 secundis

67 1950 231 2027 Noctem
249 1954 363 2027 fertur
378 1956 497 2051 equis,
516 1970 628 2052 potus
642 1954 744 2051 quod
761 1956 811 2027 sit
828 1955 936 2040 satis;
955 1953 1028 2025 hoc
1040 1966 1110 2042 est,

67 2093 126 2168 Ut
139 2119 203 2191 per
216 2096 285 2170 iter
299 2110 434 2193 temere
444 2108 482 2170 et
496 2094 664 2171 tumulos
674 2092 1043 2190 volvamuriniquos.
1062 2105 1111 2167 5⁵

70 2232 177 2311 Cura
190 2234 327 2322 Derim,
345 2235 437 2309 salvi
457 2259 520 2331 per
538 2247 594 2307 tot
610 2234 835 2319 discrimina,
855 2256 918 2327 per
931 2246 989 2306 tot

71 2376 277 2452 Anfractus
292 2374 499 2451 redeamus.
551 2371 607 2447 At
626 2372 697 2447 osi
719 2371 790 2445 boc
810 2369 1016 2467 hospitium
1033 2372 1097 2457 sit,

70 2516 114 2595 si
135 2518 224 2593 tales
240 2532 393 2593 externa
411 2516 569 2593 habeant
585 2516 756 2592 convivia
778 2540 899 2602 curas,

71 2656 210 2737 Tutior
225 2676 264 2737 et
282 2660 409 2737 melior
426 2684 485 2735 me
501 2683 611 2735 coena
627 2660 832 2737 domestica
849 2672 987 2755 pascat.
