2678 4830
462 510 594 567 MUSAE
627 510 916 567 ETONENSES.
1128 487 1190 554 101

164 676 262 752 Haec
280 681 419 780 ingrata
436 681 499 754 diu
519 684 710 756 versabant
724 684 843 779 jurgia
860 664 988 766 vitum,

210 821 294 924 Nec
313 837 413 898 torus
431 829 586 921 accepit,
605 853 727 899 mensa
747 853 812 899 nec
833 853 918 907 una,
938 825 1044 896 duos.

161 961 194 1037 C
201 989 343 1038 unarum
358 965 612 1063 hincrequiem
622 990 793 1062 quaerens
805 933 1192 1071 finemqnemalornm

208 1102 340 1179 Tristis
357 1109 413 1179 avi
434 1109 580 1180 tandem
599 1131 731 1200 sponsa
752 1105 898 1201 rogabat
916 1115 1038 1197 opem..
1144 1102 1192 1174 26

157 1257 183 1291 “
203 1243 394 1320 Connubii
412 1250 503 1320 rixis
521 1248 606 1320 fluit
626 1247 727 1319 utilis
747 1246 845 1317 unda
864 1269 926 1337 per
942 1268 1057 1340 agros,

207 1394 231 1429 “
249 1384 359 1458 Unda
376 1389 464 1484 meri
485 1389 605 1481 potior
621 1386 786 1458 fontibus
801 1382 835 1466 ;”
865 1384 988 1478 inquit
1005 1405 1108 1454 avus

156 1523 287 1619 “Non
307 1526 362 1597 sic
379 1541 540 1624 aegrotus
559 1526 691 1598 medici
710 1524 841 1632 solatia
858 1523 984 1608 sentit,

206 1675 229 1708 ‘⁸
248 1663 301 1736 Ut
319 1678 359 1736 tu
379 1666 575 1759 quaesitam
593 1666 736 1762 garrula
753 1664 865 1736 fontis
882 1685 1028 1757 aquam.
1143 1670 1191 1735 30

153 1815 178 1850 “
198 1804 234 1878 Si
253 1804 317 1877 tibi
336 1830 504 1879 morosus
518 1808 706 1902 quondam
721 1806 816 1878 adsit
832 1803 1010 1890 CottiluS,
1024 1800 1189 1896 amplum

203 1953 227 1987 “
247 1946 470 2038 Compressu
488 1945 665 2018 cohibens
683 1945 878 2039 flumenin
896 1968 969 2024 ore,
997 1958 1089 2015 tuce.

153 2095 177 2128 ‘⁶
198 2084 360 2159 Rixetnr
375 2062 543 2178 conjux:
573 2102 612 2158 tn
633 2085 777 2182 dulcior
793 2087 927 2176 excipe
945 2085 1041 2165 risu;

202 2239 226 2271 “
246 2227 293 2299 Et
313 2229 437 2324 lingua
456 2230 593 2300 invitos
610 2229 827 2322 comprimat
846 2252 907 2298 ore
923 2223 1075 2298 sonos.’'

152 2368 328 2443 Dixerat:
345 2367 429 2441 haec'
438 2371 609 2441 reducem
623 2382 825 2463 expectans
837 2367 907 2438 sub
920 2368 1003 2439 luce
1016 2365 1188 2440 maritum

201 2492 389 2585 Innocuos
405 2527 522 2586 versat
542 2526 689 2605 pectore
710 2511 794 2582 iaeta
812 2508 930 2582 dolos.
1139 2511 1187 2585 36
1302 2536 1304 2541 ⁴

149 2654 381 2749 Expectatus
399 2655 501 2726 adest
519 2656 678 2737 tandem,
694 2647 956 2748 ingressusque
971 2653 1160 2726 reclamat:

198 2807 221 2841 “
240 2796 331 2887 Quo
347 2797 441 2894 fugit
457 2794 606 2890 sponsae
624 2797 763 2868 fulmen
781 2809 818 2867 et
837 2796 886 2866 ira
905 2818 998 2867 meae
1015 2791 1058 2868 ?''

149 2936 217 3009 illa
234 2936 352 3009 nihil:
377 2937 473 3027 jussi
495 2933 639 3006 tantum
658 2935 915 3006 medicaminis
934 2934 1110 3006 haustum
1217 2931 1219 2936 ’

196 3077 386 3182 Sumit‚et
401 3077 533 3149 arridet
552 3075 647 3147 lenis
662 3099 863 3169 amansque
880 3076 972 3147 viro.
1135 3087 1184 3150 40

145 3216 370 3312 Obstupuit,
387 3230 557 3312 retroque
576 3216 704 3310 pedem
721 3216 810 3288 tulit
828 3215 903 3300 ille,
919 3215 1060 3288 maritae

196 3356 393 3430 Attonitus
411 3359 513 3432 nullu
532 3382 623 3431 voce
640 3382 807 3454 sonoque
824 3383 927 3432 suae:

144 3497 271 3574 Multa
289 3512 416 3595 rogut;
444 3526 517 3573 non
536 3502 599 3573 illa
617 3503 720 3574 refert
738 3525 908 3595 responsa
926 3501 1093 3596 roganti:

144 3740 147 3751 ,
196 3638 320 3712 Multa
338 3654 464 3743 rogut;
487 3635 690 3734 jussus'illa
709 3643 864 3714 resumit
882 3666 1008 3736 aquas.

142 3778 261 3884 ⁸Facta
277 3781 407 3877 probet
425 3784 566 3875 conjux
584 3812 593 3857 ε
620 3783 849 3877 solitumque
865 3786 1003 3878 recepit
1021 3808 1181 3859 umorem

197 3921 337 3997 Pacato
352 3924 486 4018 pariter
501 3946 711 4020 sponsoque
728 3925 857 4019 virque
873 3938 966 3998 toro.
1134 3927 1181 4000 46
