2670 4836
217 510 290 575 330
518 515 655 569 MUSAE
688 514 999 592 ETONENSES„

551 791 568 825 ⁹
592 806 765 849 nanturra
780 807 913 850 neustr.

214 947 385 1021 Farokerley.

208 1280 281 1372 Dr,
301 1308 459 1379 quorum
479 1286 633 1380 imperio
651 1283 779 1372 Furor,
798 1297 911 1380 atque
931 1283 1079 1358 Insania
1098 1299 1204 1380 paret

205 1422 383 1510 Turbida,
402 1428 465 1519 qni
485 1451 621 1498 vacuas
641 1427 823 1524 fingentes
838 1443 987 1524 pectore
1005 1430 1140 1503 formas

203 1562 368 1637 Volvitis
384 1564 539 1637 effrenes
558 1563 682 1659 rapidi
700 1568 880 1664 vertigine
897 1590 1053 1651 sensus:

209 1704 365 1779 Pandite
385 1731 450 1778 vos
470 1705 611 1801 trepido
632 1707 675 1803 (si
694 1707 762 1804 fas)
788 1708 994 1782 Bethlemia
1011 1709 1087 1783 vati

130 1950 134 1960 Ι
206 1845 336 1931 Atria3
361 1848 491 1921 secreti
511 1847 709 1943 penetralia
728 1849 878 1943 pandite
897 1849 1000 1920 tecti.
1225 1862 1247 1922 5

206 1987 353 2064 Fallor?
380 2014 424 2062 an
447 1990 676 2064 horrisonum
695 2012 875 2062 converso
893 1988 1042 2061 cardine
1059 1986 1174 2063 limen

205 2128 356 2215 Stridet,
373 2149 411 2204 et
429 2133 592 2229 ingentes
609 2132 752 2205 aditum
771 2131 951 2226 permittit
969 2129 1006 2202 in
1027 2128 1142 2203 aedes.

206 2271 227 2343 J
233 2297 367 2368 amque
381 2273 492 2361 ictus,
500 2289 536 2345 et
547 2274 671 2347 vincla
682 2286 833 2357 sonant;
844 2272 922 2363 jam
937 2293 1094 2363 magnus
1106 2269 1152 2344 ab
1164 2271 1247 2346 imis

210 2413 378 2487 Auditur
393 2416 554 2510 gemitus
572 2411 733 2499 latebris,
753 2428 972 2508 tectumque
988 2413 1151 2510 remugit

210 2557 381 2644 Aeriam,
398 2557 642 2651 fremitusque
657 2578 784 2651 graves
802 2554 952 2628 Insania
969 2553 1080 2628 tollit.
1205 2566 1247 2630 10
1265 2521 1266 2527 ἵ

209 2698 278 2784 En,
297 2698 363 2795 qui
384 2720 562 2793 pannosas
579 2697 795 2790 expandens
815 2695 984 2791 undique
1001 2707 1124 2767 vestes

208 2841 402 2938 Squalenti
419 2841 539 2912 fultus
556 2839 663 2924 solio,
682 2840 860 2936 nigraque
877 2837 1060 2911 verendus

209 2982 408 3075 Majestate
424 2980 550 3064 sedet;
578 2981 728 3053 sordent
746 2980 918 3053 immania
935 2978 1036 3052 foedo

110 3168 113 3177 ·
208 3122 359 3218 Sceptra
376 3122 464 3209 situ,
482 3118 708 3215 calvumque
725 3133 839 3214 caput
857 3117 1024 3191 diadema
1043 3131 1211 3191 coronat.

208 3266 278 3340 llle
294 3265 381 3339 mari
398 3288 440 3336 ac
459 3277 564 3338 terrae
581 3264 684 3337 solus
701 3286 835 3357 nempe
851 3260 996 3344 arbiter,
1016 3258 1080 3331 ille
1204 3271 1244 3333 ts

132 3387 134 3392 ¹
206 3406 283 3480 Dat
300 3407 411 3504 leges,
429 3405 624 3498 vacuique
642 3404 768 3476 minax
787 3403 999 3476 dominatur
1017 3400 1054 3471 in
1073 3400 1174 3474 dulit.

208 3548 310 3641 Quis
321 3548 422 3640 jacet
441 3547 504 3620 ille
522 3546 652 3642 procul
669 3546 801 3641 pressis
819 3545 862 3618 ad
883 3557 1029 3642 pectora
1047 3543 1196 3640 palmis,

206 3690 321 3763 Nunc
340 3689 493 3784 pavidos
510 3688 672 3784 supplex
691 3688 825 3760 tollens
842 3686 887 3759 ad
905 3686 1024 3758 sidera
1039 3684 1184 3770 vultus,

206 3829 322 3903 Nunc
340 3828 383 3900 ad
404 3828 560 3902 humum
574 3826 718 3918 jaciens
735 3827 866 3902 oculos
885 3848 1040 3901 moerore
1052 3821 1243 3924 gravatos?

208 3972 285 4047 Hic
299 3968 463 4064 juvenis,
479 3993 650 4066 magnum
668 3970 728 4043 cui
750 3982 866 4042 versat
884 3968 921 4040 in
939 3963 1087 4042 ossibus
1104 3965 1228 4066 ignem
