2670 4836
418 536 573 597 -srusn
601 518 891 595 nrounnsns.
1102 500 1174 591 2'6'3

250 849 376 893 cuonus
397 847 440 891 nx
458 846 636 903 sornocprs
657 844 758 887 mors.
781 840 903 886 conon.
925 842 956 887 v.
979 826 1066 886 loun.

143 959 308 1014 praedonata.
1021 974 1049 1009 n.
1061 971 1088 1009 n.
1102 958 1179 1010 1758.

551 1118 786 1133 Μ

143 1283 178 1357 Ο
198 1307 296 1366 oms
314 1283 500 1356 volentem
519 1306 578 1355 me
594 1282 700 1356 Deus
718 1284 883 1359 auferet?

145 1426 243 1518 Quis
262 1425 397 1499 sistet?
425 1424 530 1497 heros
549 1422 624 1520 quis
643 1420 800 1495 dubium
819 1424 894 1496 ci'et

242 1558 411 1658 Uterque
427 1561 582 1651 betium,
600 1560 675 1657 qui
692 1584 825 1634 sonore

297 1700 476 1774 Horribili
496 1700 586 1773 tuba
603 1722 713 1773 rauca
732 1698 892 1773 Martem

153 1844 296 1943 Pugnae
313 1859 510 1916 cruentum
527 1843 685 1915 devocat
704 1834 881 1918 arbitrum
896 1873 906 1929 ς
932 1856 997 1917 aut

153 1986 288 2062 Phoebi
306 1986 344 2057 in
362 2000 504 2057 remoto
522 1984 629 2057 litore
647 1984 813 2081 Pythici,

251 2127 334 2201 Aut
350 2138 599 2198 consecratam
617 2123 692 2220 quir
709 2124 870 2198 favillam

301 2268 349 2341 Et
369 2267 497 2363 vigiles
516 2266 580 2339 ubi
600 2267 673 2338 fida
690 2266 793 2339 tedas

156 2412 331 2489 Ministro
347 2424 490 2498 servat;
516 2412 579 2485 cui
598 2410 692 2485 labia
709 2436 832 2487 aurete

157 2557 298 2633 Custos
316 2556 463 2629 Eleusis
482 2556 640 2655 mystica
658 2555 870 2652 comprimit

176 2769 180 2778 .
257 2698 385 2775 Clavis
401 2699 545 2797 sigium
571 2722 660 2795 quae
676 2698 817 2798 roganti

309 2840 515 2939 Ambiguas
532 2841 670 2935 aperire
688 2856 819 2930 sortes,

160 2986 208 3059 Et
225 3008 327 3058 caeca
344 2981 448 3054 novit
464 2981 537 3052 iata
552 2976 752 3054 recludere.

161 3129 268 3202 Stant
285 3125 414 3221 signa:
442 3120 573 3215 pulsus
591 3118 737 3192 Thesea
750 3117 827 3212 jam
848 3117 984 3207 Creon,

258 3264 461 3359 Victaeque
479 3277 624 3345 turmae,
647 3256 854 3355 perfidique

308 3404 390 3478 Jam
410 3404 559 3499 fugiunt
576 3402 731 3474 comites
748 3394 980 3496 sequeniem.

164 3550 327 3627 Cernis?
355 3561 548 3621 trementes
562 3545 639 3636 jam
659 3567 772 3640 prope
789 3545 964 3618 candidas

169 3693 309 3765 Venere
327 3713 449 3783 rupes,
463 3686 539 3779 jsrn
560 3684 743 3780 trepidant
761 3686 862 3781 equi,

263 3833 483 3926 Curiusque
499 3829 751 3902 deflectuntur
762 3826 855 3900 OEae

312 3973 421 4048 Prata
439 3996 500 4070 per
519 3970 704 4047 occiduae.
756 3967 862 4061 Quid
880 3971 1003 4047 audax
