2670 4836
352 552 487 611 MUSAE
515 555 796 614 ETONENSES.

57 723 140 800 Nec
158 722 223 799 has
240 749 382 799 sorores
402 724 534 802 Pieriae
554 743 676 802 tamon

56 865 233 964 Sprevere
249 868 377 952 sedes;
404 870 498 965 quin
517 867 648 943 Venus
663 895 776 945 aureo

157 1007 250 1084 Huc
267 1033 338 1082 axe
355 1010 526 1107 dignatur
541 1012 671 1086 relicta

206 1150 374 1224 Flectere
391 1153 438 1225 ab
451 1152 574 1227 Idalia
593 1155 799 1231 columbas.

58 1290 133 1366 His
151 1291 263 1364 herba
280 1296 396 1381 terris,
415 1294 472 1366 his
490 1297 570 1367 sine
587 1296 728 1369 semine

57 1430 206 1536 Injossa
224 1433 342 1520 floret,
360 1458 474 1530 quam
494 1460 616 1531 neque
635 1436 798 1510 Dorium

156 1574 334 1649 Fecunda
352 1577 476 1665 tellus,
495 1602 564 1650 nec
584 1576 732 1675 Caystri

207 1713 314 1789 Prata
331 1717 466 1802 serunt,
485 1742 609 1815 neque
626 1718 733 1793 dives
752 1716 925 1795 Hermes.

57 1855 92 1930 Ο
112 1857 234 1947 herba,
254 1857 396 1932 Divom
415 1882 553 1933 munus
570 1861 740 1948 amabile,

57 1999 197 2075 Potens
216 2001 366 2074 timores
380 2002 548 2075 incutere
566 2003 753 2090 hostibus,

156 2140 257 2216 Ciam
277 2156 368 2215 terra
385 2143 577 2233 conjurata
594 2145 715 2234 bellis,

204 2283 253 2358 Et
271 2285 385 2358 sociae
402 2285 583 2358 fremuere
602 2301 751 2361 turmae.

57 2425 102 2499 ln
120 2438 157 2498 te
175 2426 356 2498 furentem
376 2448 444 2498 nec
458 2426 643 2517 juvenum
663 2426 809 2514 cohors,

55 2570 179 2646 Senex
197 2594 266 2642 nec
284 2594 399 2643 ausus
416 2569 543 2644 fortior
561 2569 714 2664 impiam

154 2710 309 2784 Movere
325 2710 456 2782 falcem
473 2738 483 2795 ;
511 2725 547 2783 te
565 2709 737 2783 Minerva

202 2849 340 2924 Totam
359 2852 440 2922 acie
457 2849 634 2946 vigilante
650 2863 783 2923 servat.

57 2995 111 3070 At
129 2994 322 3090 ampliores
335 2994 413 3086 jam
430 2993 553 3086 placet
572 2990 716 3064 Atticae

58 3138 208 3213 Referre
224 3138 366 3222 laudes,
384 3157 498 3232 quam
518 3133 625 3207 Deus
643 3134 812 3207 arbitram

156 3278 330 3355 Praefecit
349 3279 473 3362 undis,
491 3277 552 3351 cui
572 3278 787 3349 frementem

204 3420 320 3493 Fudit
336 3442 477 3515 equum
496 3418 657 3491 resoluta
675 3408 806 3492 tellus

57 3563 111 3637 Te
127 3586 211 3661 rege
228 3585 348 3636 saevas
366 3559 473 3655 ponit
490 3581 614 3655 equus
632 3559 764 3646 minas,

56 3706 260 3802 Neptune;
288 3726 372 3774 nam
391 3717 432 3773 tu
452 3699 605 3773 vincula
622 3699 764 3771 doctior

157 3844 270 3921 Collo
287 3842 499 3926 reluctanti,
519 3841 672 3935 tuisque

203 3985 321 4082 Terga
338 3982 450 4056 dabas
467 3983 669 4079 equitanda
688 3978 861 4055 Athenis.

1022 556 1096 630 287
