2670 4836
142 468 189 571 ’36
426 492 560 564 ntusu
593 492 883 562 urounusus.

480 788 603 835 ratum
623 786 847 859 turnusrtrto.

144 910 239 984 Pepyt.

144 1264 299 1356 Quint
320 1263 383 1339 ubi
402 1260 540 1338 diffuse
557 1263 728 1336 lustratas
746 1257 914 1355 lampade
932 1273 1042 1331 tetras

144 1408 435 1506 AEtheriumque
449 1430 623 1481 emensus
639 1405 720 1489 iter,
738 1403 811 1478 sub
827 1420 978 1499 vespere
995 1400 1117 1476 inuito

145 1549 241 1626 Solis
260 1550 297 1623 in
314 1538 475 1625 occiduo
493 1572 532 1622 se
550 1547 718 1621 condidit
736 1568 888 1642 aequore
906 1564 1059 1629 currum

147 1691 250 1766 Rura
265 1691 361 1765 solet
380 1688 581 1764 tremulum
597 1688 716 1763 radius
734 1686 965 1783 mentitaque
978 1694 1156 1787 spargens

146 1830 309 1907 Lumina
325 1831 543 1929 pervolitare
556 1830 667 1924 jubar
682 1860 692 1917 ;
718 1829 820 1928 quoti
834 1846 939 1925 'saepe
956 1829 1079 1903 viatur
1165 1840 1187 1903 5

144 1972 244 2050 Saxa
261 1967 337 2072 per,
355 1991 393 2049 et
409 1975 599 2071 scopulos,
613 1989 651 2047 et
669 1972 857 2069 inhospita
871 1982 1187 2068 tesqua-secutus,

147 2114 326 2191 Concidit
345 2116 383 2188 in
401 2108 532 2189 densas
550 2113 651 2190 toedt
667 2115 739 2188 sub
757 2124 868 2186 nocte
883 2110 1081 2207 paludec.·'
1104 2108 1121 2147 ’·’

195 2258 284 2333 Non
303 2283 412 2333 secus
429 2258 552 2333 offusit
571 2240 725 2355 pavidas
736 2254 893 2353 caligine
909 2258 1044 2351 genten
1108 2286 1133 2297 ··

148 2399 315 2496 Decipit,
334 2412 371 2471 et
389 2398 476 2470 ficta
495 2398 642 2493 pietatis
661 2395 819 2493 imagine
838 2395 935 2468 ludit
1025 2442 1030 2453 ·
1049 2406 1053 2411 '

146 2536 519 2632 VanaSuperstiti03
546 2562 618 2610 non
640 2536 704 2609 tllt
720 2536 856 2610 saerior
874 2537 975 2610 ardet
1040 2586 1043 2591 -
1109 2548 1191 2610 ·10

149 2674 333 2761 Ambitio,
351 2651 549 2749 miserosvc
565 2678 689 2749 furens
708 2676 744 2747 in
765 2675 892 2771 praetia
911 2674 1047 2750 Martis
1119 2668 1123 2673 ⁵

150 2816 281 2890 Acrior
299 2816 448 2912 instigat
465 2816 643 2913 populos:
673 2836 753 2888 tum
772 2816 848 2889 dira
867 2841 929 2912 per
944 2816 1072 2891 orbern
1106 2834 1113 2845 “

147 2957 297 3031 Vicinae
315 2958 435 3051 ruptis
454 2959 547 3030 inter
566 2981 605 3031 se
623 2957 766 3056 iegibus
786 2958 893 3032 urbes

151 3099 265 3173 Anna
282 3101 443 3173 fremunt
459 3128 468 3185 ;
495 3101 606 3172 saevis
624 3100 762 3174 rabiem
780 3100 894 3173 simul
912 3100 976 3173 itta
993 3087 1154 3176 cateruis

150 3239 321 3337 inspirat,
340 3241 508 3333 sacrique
527 3238 600 3311 ciet
619 3240 798 3334 praeludia
815 3239 916 3315 beili.
1151 3254 1193 3316 15

149 3378 220 3452 Illa
237 3403 365 3476 graves
382 3375 498 3451 dubio
516 3376 618 3474 nigri
633 3377 828 3453 formidine
845 3381 946 3455 cordi
1021 3345 1025 3352 Ι

149 3522 310 3616 Subjicit
329 3520 524 3618 imperiosa
543 3534 686 3608 metus;
713 3534 805 3596 tunc
823 3548 921 3621 tegra
937 3534 1145 3618 pareutum

151 3662 325 3738 Mutatur
341 3664 483 3760 species
501 3664 720 3749 animorum,
738 3680 776 3737 et
797 3680 941 3760 pectora
961 3679 1089 3771 mutua

150 3801 338 3890 Infandos,
356 3824 453 3898 quos
471 3800 557 3876 ficta
575 3805 674 3878 cient
693 3804 868 3880 miracula
887 3830 1021 3891 rerum,

150 3947 403 4046 Concipiunt;
430 3945 518 4020 hinc
531 3961 675 4044 spectra
692 3949 811 4024 modia
830 3947 1006 4047 pallentia
1024 3949 1127 4025 miris
1147 3961 1196 4025 90
