2678 4830
352 568 486 625 Musis
519 568 805 626 nrounusns.
1037 548 1108 618 261

70 736 172 830 Quae
191 751 302 812 vento
320 740 384 813 vix
406 753 504 813 tacta
520 742 630 829 cadit,
650 767 859 839 campoque
878 743 1025 815 videtur

119 876 303 953 Paulatim
322 906 503 954 annosum
522 882 741 977 deposuisse
758 896 895 976 caput:
1002 914 1005 918 ¹

68 1015 128 1104 Et,
147 1041 229 1091 mea
245 1020 336 1092 dnm
352 1019 475 1119 gelido
492 1020 633 1094 solabar
651 1023 760 1094 corda
777 1020 848 1094 sub
866 1033 983 1107 antro,
1052 1076 1057 1089 .

114 1157 208 1232 Dux
225 1161 343 1257 gregis
360 1160 507 1234 orbatos
526 1161 692 1234 concidit
711 1161 806 1234 inter
822 1184 923 1235 oves.
1055 1171 1103 1236 20

484 1411 683 1462 THYRSIS.

60 1577 115 1651 At
132 1605 254 1678 neque
271 1590 517 1680 praematurus
533 1587 628 1674 obis,
647 1608 771 1681 neque
787 1585 945 1681 degener
962 1585 1082 1675 heros,

108 1722 192 1798 Sera
210 1741 246 1798 at
265 1729 486 1805 honoratum
504 1730 661 1804 sustulit
680 1728 767 1802 hora
784 1752 923 1802 senem.

58 1863 145 1938 Ah!
175 1870 324 1962 quoties
343 1886 468 1944 tecum
489 1872 600 1946 tantis
620 1870 716 1943 male
735 1871 909 1944 laudibus
927 1894 1062 1967 aequus

106 2003 237 2079 Ausus
255 2035 351 2083 eram
371 2012 563 2084 infandum
582 2012 818 2084 concinuisse
836 2013 975 2096 decus;

53 2143 262 2220 Mirantum
281 2149 425 2242 pariter,
444 2151 576 2245 pariter
593 2151 654 2244 pia
670 2151 765 2226 facta
782 2165 984 2224 canentum
1045 2164 1096 2229 25

101 2285 260 2361 Falleret
277 2290 454 2363 aestivum
472 2314 545 2363 vox
564 2305 601 2362 et
617 2290 759 2362 arundo
776 2291 888 2363 diem.

447 2539 693 2592 MELIBOEUS.
724 2544 726 2550 ⁴

50 2710 160 2784 Parta
176 2713 385 2788 rebellantis
401 2717 615 2824 referentem
632 2717 790 2814 insignia
807 2715 909 2791 Scoti

96 2853 151 2926 Te
169 2858 321 2929 memini
339 2860 473 2931 nostris
490 2862 582 2934 festa
599 2861 743 2932 dedisse
760 2842 874 2933 focis:

44 2997 158 3070 Victa
174 3022 238 3092 per
253 2999 389 3096 incisas
406 3024 445 3072 se
463 3001 590 3093 pandit
608 3000 783 3073 America
800 3025 975 3094 quercus,

94 3135 241 3211 Crescit
257 3151 296 3212 et
314 3138 471 3212 arboreis
489 3138 649 3236 Myndia
667 3141 788 3234 palma
806 3141 929 3215 notis:
1035 3150 1084 3218 30

45 3280 161 3354 Fudit
178 3304 268 3376 opes
286 3282 396 3377 pleno
416 3293 452 3354 te
469 3282 635 3377 principe
653 3279 774 3376 Copia
792 3305 922 3367 cornu,

93 3421 268 3516 Principe
287 3435 323 3494 te
339 3423 503 3517 proprios
522 3422 632 3496 vertit
649 3436 766 3494 arator
782 3446 899 3518 agros.

41 3562 127 3636 Nec
144 3563 258 3635 cultis
276 3563 405 3636 lolium
425 3563 555 3635 infelix
575 3564 786 3636 dominatur
803 3564 838 3633 in
859 3561 964 3651 arvis,

88 3703 173 3778 Nec
191 3703 333 3777 steriles
350 3703 462 3802 segeti
482 3703 598 3783 nectit
616 3727 732 3776 avena
750 3725 881 3774 moras.

43 3845 182 3919 Lurida
199 3869 299 3919 nuuc
317 3857 443 3934 taxus,
461 3869 563 3918 nunc
581 3845 744 3918 funereae
762 3842 952 3941 cyparissi,
1028 3855 1076 3918 35

91 3985 186 4060 Atra
202 3984 472 4080 triumphantes
489 3983 627 4080 polluit
644 3982 773 4057 umbra
791 4004 927 4056 comas.
