2670 4836
228 532 296 598 1³4
512 550 646 606 MUSAE
675 550 965 607 ETONENBES.

226 719 394 795 Membra
412 723 498 794 iicet
517 723 620 794 viridi
638 725 787 813 jaceant
807 725 1009 818 putrefacta
1027 723 1221 817 sepulcro,

275 864 440 937 Marmor
457 878 494 936 et
514 865 700 957 inscriptis
718 880 789 936 stet
807 889 919 958 super
936 890 1018 937 ossa
1037 864 1162 948 notis;

226 1007 342 1080 Mista
361 1007 447 1078 licet
469 1008 584 1077 vetito
601 1010 734 1078 coeant
749 1009 932 1079 elementa
949 1007 1088 1089 duello,

275 1146 431 1220 Desinat
445 1147 601 1219 alternas
618 1147 802 1243 Lunaque
821 1149 960 1244 Solque
978 1149 1102 1221 vices:

226 1288 294 1360 illu
313 1288 440 1358 endem
460 1288 683 1380 incorrupta,
707 1289 947 1373 indebilitatn,
968 1289 1144 1373 manebit,
1223 1301 1272 1364 25

276 1432 352 1505 Ibit
370 1448 406 1503 et
422 1432 468 1502 nd
489 1455 640 1524 superas
658 1431 781 1515 libero,
802 1455 903 1525 pura,
922 1430 1065 1501 domos.

226 1573 314 1648 Hoc
335 1576 402 1645 nisi
420 1574 610 1660 nescierat,
631 1599 703 1645 uon
724 1574 963 1667 corripuisset
983 1570 1155 1644 Achilles

277 1715 372 1788 Lorn
392 1741 453 1809 per
475 1714 680 1786 Hectoreos
700 1713 914 1803 trajicienda
934 1712 1057 1808 pedes.

228 1860 307 1935 Cur
325 1860 449 1939 struis,
470 1858 636 1940 AEncidc‚
656 1881 749 1951 quas
768 1858 888 1929 nescis
907 1880 1065 1942 sumere,
1082 1856 1246 1950 poenes?

276 2002 417 2073 Occiso
436 2001 557 2073 feritas
578 2001 629 2072 nil
649 2013 758 2071 nocet
777 1999 840 2071 ina
857 1999 958 2071 duci.
1225 2009 1274 2074 811

227 2143 333 2236 Quid
351 2143 452 2238 quod
474 2143 634 2215 membru
651 2166 801 2237 gemens
820 2165 841 2211 e
859 2140 1021 2214 turribus
1041 2139 1141 2212 Ilion
1161 2141 1248 2213 aitis

278 2284 476 2378 Conspicit
498 2282 680 2377 Argolicis
695 2282 925 2353 dilaceranda
943 2279 1063 2353 rotis?

228 2427 333 2499 Vivit
352 2425 475 2497 adhuc
496 2423 640 2495 Hector
658 2446 729 2495 non
749 2423 802 2494 sic
822 2422 1044 2495 cruciandus
1062 2450 1071 2505 ;
1098 2422 1275 2518 adempto

279 2566 383 2638 Luce
403 2568 489 2636 seret
507 2565 672 2659 gelidum
693 2563 830 2636 vulnus
849 2566 957 2636 inane
976 2564 1086 2637 latus.

231 2706 398 2781 Ulterius
416 2730 460 2776 ne
480 2705 589 2776 tende
607 2705 713 2793 odiis,
733 2705 784 2777 nil
804 2704 969 2779 Hectora
988 2704 1093 2777 laedit
1228 2719 1275 2784 35

279 2852 382 2944 Quae
401 2873 513 2947 poena
532 2850 701 2948 indignos
718 2850 864 2946 stringit
881 2849 1020 2923 habena
1038 2848 1168 2943 pedes.
