2670 4836
180 469 247 543 100
456 480 589 541 MUSE
621 484 911 580 emonensem

641 649 732 745 Zryri.

173 737 319 812 leycerter.
1047 765 1076 800 a.
1088 760 1117 802 u.
1132 750 1210 802 troo.

611 842 760 853 --r-—-—

172 947 202 1020 F
204 972 255 1021 on
265 972 323 1020 un
337 970 518 1044 genaeque
532 935 674 1021 Chloea
685 948 803 1022 turbae
817 948 986 1042 placuere
998 973 1208 1043 procorum,

218 1088 323 1162 Vicit
340 1090 510 1163 victrices
528 1090 653 1162 invida
669 1090 794 1188 lingna
812 1115 933 1187 genas.

168 1227 266 1302 Nam
286 1254 496 1326 quanquam
512 1230 669 1321 juvenes
688 1230 882 1304 oculorum
900 1232 1013 1328 gratia
1034 1237 1177 1331 tangit,

218 1368 325 1459 Quos
342 1370 452 1443 decor
469 1383 506 1442 et
524 1372 677 1465 capiunt
696 1371 847 1458 lumina,
866 1372 992 1469 lingua
1012 1372 1142 1469 lugat:

166 1510 320 1594 Catule,
337 1525 373 1583 te
386 1509 506 1584 solum
523 1526 696 1607 excepto.
724 1509 828 1601 Quid
843 1512 982 1585 multa?
1004 1512 1200 1607 loquacem

212 1649 306 1724 Odit
324 1675 392 1723 nec
409 1675 580 1746 sponsam
600 1652 665 1734 vir,
684 1676 807 1746 neque
824 1677 959 1748 sponsa
975 1652 1113 1727 virum.
1177 1659 1199 1730 6

163 1791 347 1865 Paulatim
368 1790 500 1863 infirmi
521 1790 741 1888 languebant
761 1793 918 1885 pectoris
935 1805 1067 1876 estus,

211 1934 257 2006 Et
275 1933 423 2028 dirupta
440 1956 567 2004 recens
583 1931 721 2005 soedera
738 1934 851 2004 sentit
872 1932 1037 2027 Hymen.

160 2075 327 2151 Assiduo
346 2075 457 2147 cessit
475 2075 607 2169 pulsus
624 2073 782 2145 clamore
800 2071 965 2166 Cupido,

208 2221 255 2293 Et
275 2220 368 2293 mala
387 2219 521 2291 mutati
539 2218 658 2312 coepit
675 2215 807 2288 amoris
825 2213 957 2289 hiems.
993 2282 996 2287 .
1022 2229 1027 2237 ’
1154 2232 1194 2296 10

158 2362 296 2434 Fallere
314 2362 563 2455 nequicquam
582 2384 688 2431 curas
707 2359 774 2443 vis,
795 2355 951 2442 Catule,
968 2358 1071 2449 vino,

206 2498 254 2570 Et
272 2511 336 2570 tua
356 2497 513 2570 Lethaeo
532 2497 670 2590 proluis
688 2523 748 2572 ora
767 2523 877 2573 mero.

156 2638 277 2713 Effera
295 2662 366 2710 non
388 2638 476 2731 ipsis
494 2635 643 2709 aberant
660 2636 828 2708 convicia
846 2641 994 2726 mensis,

205 2778 285 2851 Nec
306 2802 380 2851 nox
399 2802 486 2850 cum
504 2789 720 2863 commeat,
739 2803 805 2851 nec
824 2781 904 2854 sine
922 2780 987 2855 lite
1004 2785 1097 2861 dies.

155 2922 254 2999 cum
273 2923 423 3017 primam
443 2922 487 2993 ad
505 2921 627 2993 lucem
648 2919 768 2993 multo
786 2923 954 2996 munitus
973 2923 1113 3003 laccho
1149 2942 1189 3007 15

201 3065 407 3160 Expectata
425 3064 521 3135 domi
544 3064 669 3157 praelia
687 3064 789 3138 sortis
807 3064 888 3149 init,

151 3205 335 3301 Conjugis
356 3207 514 3300 ingresso
532 3204 585 3274 sic
601 3204 666 3275 'dat
686 3205 780 3296 prior
797 3204 848 3276 ira
864 3206 1038 3293 salutern,

197 3345 370 3441 Totaque
388 3344 522 3416 rixanti
543 3342 721 3416 consonat
738 3343 788 3414 ira
804 3343 950 3419 domus.

147 3493 171 3529 “
186 3485 430 3581 Importunas
447 3484 555 3558 ades!
585 3481 733 3579 qualis?
761 3506 837 3576 quo
854 3495 1018 3579 tempore
1037 3491 1188 3567 tandem

195 3638 218 3674 “
237 3627 382 3699 Venisti
404 3629 438 3699 in
461 3629 599 3713 luctus,
618 3628 672 3699 vir
689 3626 872 3714 scelerate,
891 3630 1019 3705 meos?
1136 3646 1187 3712 20

143 3782 168 3816 ‘⁴
187 3769 334 3843 Siccine
352 3768 518 3861 nequitia
534 3767 683 3841 socialia
700 3767 837 3841 soedera
855 3769 1026 3864 rumpis?
1148 3792 1183 3851 a·

190 3920 215 3953 ‘⁶
239 3907 336 3985 llaec
356 3904 444 3978 mihi
464 3907 627 4004 conjugii
647 3907 796 4002 pignora
813 3906 891 3981 nola
908 3911 1076 3989 relers?’'
