2670 4836
229 527 303 594 249
525 543 658 601 MUSAE
691 543 981 607 ETONENSES·

230 712 355 787 Nocte
371 715 471 810 gravi
488 716 602 788 tacito
618 741 721 811 saepe
737 718 918 791 exiluisse
936 718 1051 792 cubili

279 863 462 937 Divinum
481 865 662 937 meditans
680 865 793 937 fertur
813 864 1001 941 Homerus
1015 890 1121 962 epos3

228 1005 277 1078 Vi
298 1007 466 1100 propiore
485 1003 557 1077 Dei
578 1005 727 1100 quoties
744 1030 809 1099 per
826 1030 979 1080 munera
996 1009 1119 1082 noctis

277 1148 421 1245 Ingenii
442 1146 576 1221 effudit
595 1147 821 1220 luxuriantis
836 1172 939 1243 opes.

228 1290 331 1364 Hinc
349 1290 453 1385 rapto
469 1290 602 1364 iratum
623 1289 786 1360 Briseide
801 1290 905 1361 solus
925 1286 1117 1362 Achillem
1217 1299 1267 1363 25

277 1431 419 1516 Pinxit,
438 1445 475 1503 et
493 1430 677 1503 immissos
694 1430 729 1502 in
751 1432 823 1502 fera
839 1430 934 1501 bella
950 1428 1065 1503 Deos.

226 1568 312 1664 Ipse
330 1593 441 1641 suum
463 1567 632 1643 Phoebus
653 1593 815 1664 praesens
833 1594 897 1665 per
913 1571 1059 1643 somnia
1076 1582 1197 1643 vatem

274 1709 401 1783 Duxit
418 1712 462 1782 ad
486 1709 603 1783 Aonii
622 1735 722 1784 sacra
739 1713 855 1784 vireta
867 1712 965 1811 jugi.

226 1850 446 1942 Quinetiam
467 1850 649 1924 hesternae
667 1874 834 1945 reparans
854 1851 1046 1947 dispendia
1064 1854 1162 1927 lucis

272 1989 512 2084 Splendidius
530 1991 643 2063 menti
657 1991 772 2082 jussit
792 1991 912 2064 inesse
925 1989 1046 2083 jubar.
1213 2003 1263 2069 30

224 2130 329 2223 Quid
348 2133 428 2205 miri
447 2133 460 2206 ?
488 2133 519 2205 si
537 2157 666 2229 regum
684 2134 812 2227 epulas
832 2132 1044 2229 luxumque
1062 2158 1215 2230 perosus

272 2272 475 2346 stramine&
488 2275 637 2368 cupiam
655 2273 849 2347 delituisse
867 2278 963 2348 casn.

221 2409 309 2485 Non
329 2413 439 2487 modo
456 2439 542 2487 eura
559 2416 619 2486 die
637 2415 776 2487 vindex
794 2427 831 2487 et
849 2415 1007 2487 crastina
1023 2388 1139 2510 poeua

272 2551 461 2626 lllecebris
480 2553 594 2626 luxus
611 2555 834 2628 abstinuisse
852 2568 1029 2642 monent;
1121 2583 1123 2587 ⁴

221 2693 346 2768 Nocte
371 2696 503 2791 dapem
536 2697 745 2771 hesternam
776 2702 946 2796 sequitur
970 2701 1090 2788 dolor,
1118 2700 1268 2777 horrida

371 2849 505 2910 tenent
1215 2855 1264 2920 35

269 2976 421 3051 Somnia
437 2978 623 3078 congestis
642 2980 790 3054 turbide
807 2980 916 3055 corda
932 2980 1040 3057 cibis.
