2670 4836
349 528 484 588 musac
514 480 803 588 srouuusus.
852 542 856 550 ·
1062 524 1130 599 177
1162 578 1165 585 ,

381 792 418 862 ‘0
435 793 489 864 riis
505 792 619 864 idrmdr
634 791 698 881 βίος
716 787 826 891 ὅμως.

64 936 182 991 fleur.
746 974 756 994 .
971 957 999 994 a.
1012 953 1040 993 n.
1055 942 1132 995 1114.

56 1212 150 1294 Tu
167 1219 294 1293 studio
313 1221 515 1297 immoreris
530 1253 539 1307 ;
568 1221 773 1321 vigilesque
790 1221 835 1295 ad
853 1219 989 1294 scrinia
1006 1243 1114 1292 curas

137 1356 258 1434 Triste
276 1363 416 1436 micans
435 1364 555 1436 media
573 1378 682 1435 nocte
702 1364 852 1436 lucerua
869 1361 992 1436 videt:

55 1493 173 1593 lpse
191 1525 294 1608 meos
313 1504 413 1577 libris
431 1504 562 1576 oculos
581 1504 723 1577 laesisse
742 1524 922 1591 recusem,

139 1641 185 1716 Et
203 1661 345 1719 veteres
364 1671 503 1743 pernox
524 1646 712 1719 evoluisse
729 1643 891 1740 sophos;

54 1774 118 1852 Si
146 1782 256 1858 miser
273 1785 352 1881 ipsc
370 1811 453 1859 meo
470 1787 620 1860 demum
643 1785 842 1881 pendentia
860 1800 962 1883 tergo
1108 1798 1132 1857 5

139 1924 372 2022 Respiciens,
391 1930 531 2002 discam
549 1928 724 2001 conscius
741 1952 821 2000 esse
841 1926 925 2001 mei.

58 2060 201 2144 Heu!
228 2095 331 2164 puer,
348 2072 385 2143 in
399 2073 569 2145 studium
585 2071 763 2166 auspiciis
779 2071 964 2166 ingressus
980 2069 1134 2164 iniquis,

136 2209 378 2326 Perplexum,
400 2213 554 2308 iucoepti
575 2213 736 2297 nescius,
752 2224 856 2309 urget
874 2235 983 2305 opus.

60 2342 256 2426 Attoniti
277 2353 313 2425 iu
334 2353 442 2426 variis
460 2377 592 2425 sensus
610 2351 826 2449 ambagibus
845 2350 999 2439 haerent,

140 2494 246 2570 Dum
264 2496 454 2570 cerebrum
473 2499 637 2595 exagitat
657 2497 771 2569 tristis
790 2496 898 2568 inane
917 2495 1029 2570 labor.
1093 2508 1136 2572 ¹0

58 2624 182 2711 Non
201 2663 314 2723 mora,
335 2664 407 2712 uou
429 2640 574 2734 requies
593 2641 718 2734 operi;
746 2661 942 2734 caecasque
963 2664 1025 2734 per
1041 2652 1136 2712 artes

141 2779 304 2856 Prodere
321 2781 521 2855 stultitiam
540 2782 694 2854 sedulus
712 2781 791 2875 ipse
808 2804 915 2853 suam
931 2795 1013 2859 est:

59 2911 224 3015 Sumit,
242 2940 280 3033 et
298 2926 408 3024 alget,
426 2949 538 2997 avens
560 2923 706 2997 Parnasi
724 2925 904 3020 attingere
921 2922 1095 3005 culmem

141 3069 200 3142 At
220 3069 342 3165 lapsos
362 3071 523 3144 referunt
542 3066 683 3139 lubrica
700 3089 790 3137 saxa
810 3065 932 3159 pedes.

68 3193 233 3285 Infelix
254 3212 387 3284 iterum
408 3212 543 3298 nitens,
562 3210 696 3281 iterum
713 3208 857 3280 excidit
874 3209 988 3293 ausis,
1098 3222 1139 3283 15

135 3353 313 3450 Qudque
329 3356 443 3452 magis
461 3354 601 3452 vigilat,
622 3352 687 3426 flet
704 3352 878 3425 didicisse
896 3352 1041 3425 minus:

74 3477 222 3575 Quem
245 3517 401 3588 puerum
421 3494 533 3567 (luxit
551 3497 720 3568 studium
740 3520 803 3589 per
822 3494 954 3567 inutile
975 3493 1108 3580 Pallas,

137 3634 297 3714 Deserit
316 3640 479 3736 ignarum
500 3640 637 3736 perlida
657 3639 753 3712 Dira
772 3663 912 3713 senem.

73 3763 202 3859 Quid
224 3781 290 3855 tibi
310 3781 488 3875 profuerit
505 3781 649 3854 steriles
667 3781 830 3852 coluisse
849 3777 1061 3854 Camenas?

139 3922 260 4016 Quos
279 3925 424 3999 miserae
443 3926 587 3999 fructus
604 3923 815 3998 sedulitatis
837 3922 974 3996 habes?
1096 3930 1143 3992 91)

84 4071 146 4126 VO
161 4088 198 4139 ι.
226 4092 257 4142 1.
612 4092 634 4139 u
