2670 4836
206 481 277 550 898
428 472 955 573 χΜυειῑιῑτοτειεκειεε.

447 737 465 812 ss
485 753 715 797 -sssus
730 755 899 798 conones

486 877 600 921 meato
616 853 795 922 secessus
812 878 933 922 iusso.

216 982 299 1040 Herc.
783 1026 786 1030 -
1092 1007 1122 1044 s.
1133 1005 1160 1042 υ.
1177 992 1250 1043 1765.

214 1263 388 1341 EunoeA
409 1269 601 1344 insolitum
620 1274 735 1346 sensit
754 1284 940 1345 commota
955 1270 1186 1355 tumultum:

144 1481 148 1485 .
265 1408 413 1483 Flevere
432 1411 599 1506 abreptas
617 1411 707 1487 Afer
724 1431 761 1486 et
781 1414 897 1487 Indus
914 1434 1026 1509 opes;

215 1551 353 1649 Anglia
370 1554 556 1628 flebilibus
575 1556 659 1629 belli
677 1558 807 1630 satiata
825 1555 1025 1651 triumphis

264 1694 417 1790 Optima
438 1698 625 1773 honoratae
643 1700 780 1773 foedera
799 1701 899 1794 pacis
917 1700 1012 1773 init:

214 1834 298 1908 Sola
318 1835 434 1909 Etona
453 1863 543 1910 suos
562 1840 596 1910 in
617 1839 744 1935 praelia
762 1841 877 1912 mittit
895 1841 1079 1926 alumnos,
1227 1855 1248 1915 5

230 2010 237 2023 ’
264 1975 310 2048 Et
327 1978 431 2074 rigidi
451 1979 612 2073 speeiem
632 1981 757 2051 martis
776 1979 897 2051 inulta
916 1979 1003 2054 ciet.

216 2118 291 2192 Hic
309 2120 426 2191 stricti
446 2121 642 2215 splendent
661 2145 777 2207 enses,
799 2122 859 2197 hic
877 2123 1009 2197 bellica
1027 2147 1178 2209 cornus,
1202 2194 1214 2209 ,

266 2259 342 2333 Hic
360 2261 534 2333 tremuias
551 2263 662 2358 agitat
680 2262 826 2335 mobilis
844 2262 1069 2355 aurajubas.

214 2404 365 2478 Scilicet
383 2431 478 2478 arma
497 2407 588 2478 colit
609 2407 741 2490 Pallas,
761 2407 1014 2502 citharamque
1031 2430 1212 2502 reponens

264 2547 394 2620 Versat
413 2549 449 2620 in
470 2549 649 2621 indomiti
668 2548 859 2645 Cynthius
877 2574 974 2623 arma
992 2573 1120 2625 manu.
1209 2560 1249 2624 10

215 2687 402 2762 Desiliens
419 2689 526 2760 clivis
546 2713 612 2761 nec
632 2688 794 2785 lympha,
814 2713 881 2761 nec
899 2689 1025 2762 accola
1047 2688 1232 2764 Phoebum

262 2829 412 2926 Semper
428 2830 472 2902 ad
496 2828 636 2902 Aonias
657 2829 767 2902 Musa
786 2843 946 2903 moratur
964 2853 1102 2926 aquas;

214 2970 323 3065 Soepe
343 2970 425 3044 Deo
444 2988 624 3065 praesente
641 2987 774 3042 sonant
791 2985 828 3041 et
849 2968 1034 3063 Delphica
1052 2971 1202 3069 templa,

264 3114 311 3186 Et
330 3115 452 3186 tremit
470 3111 616 3208 Ortygii
636 3113 759 3184 laurea
775 3112 867 3183 silva
881 3112 977 3210 jugi.

215 3256 318 3346 Quid
338 3269 438 3328 vetat
457 3270 494 3324 et
513 3267 656 3324 nosmet
673 3265 745 3323 tam
765 3253 860 3325 clara
873 3254 1046 3348 exempla
1063 3271 1225 3344 secutos,

263 3396 365 3487 Quae
385 3395 493 3467 toties
512 3392 668 3489 legimus
687 3391 794 3480 bella,
813 3394 907 3466 ciere
925 3393 1066 3468 semel?
1208 3401 1247 3470 16

215 3536 297 3609 Nec
314 3559 438 3630 pacem
460 3532 621 3630 effringit
640 3532 784 3625 species
803 3532 891 3606 licet
911 3534 987 3628 ipsa
1005 3535 1136 3620 duelli,

140 3662 143 3671 ⁵
263 3678 359 3750 Nam
379 3677 497 3748 brevis
515 3699 562 3746 ex
583 3674 683 3746 omni
704 3692 803 3768 parte
823 3675 1034 3769 triumphus
1052 3681 1134 3751 erit.

213 3820 341 3895 Nullis
358 3842 469 3889 causa
486 3817 596 3912 fugae,
617 3816 685 3887 nisi
706 3840 801 3911 quos
820 3816 930 3887 nimis
944 3832 1020 3889 arta
1037 3819 1177 3912 cupido

262 3969 421 4043 Suadeat
441 3967 562 4039 infami
583 3982 722 4038 vertere
741 3979 836 4062 terga
854 3966 953 4039 dolo.
1205 3981 1250 4043 90
