2670 4836
420 546 556 607 EUM
585 547 873 609 ETONBNSM.

152 715 231 809 lpsae
247 715 419 791 insolenti
438 742 511 792 non
529 719 610 793 sine
627 743 818 796 murmure

151 855 242 934 sins
260 859 513 955 triumphant:
536 861 614 953 jam
634 863 877 963 Babyloniam

229 998 409 1074 Ridemus
430 1002 559 1077 illaesae
576 1006 749 1094 securim,

203 1145 206 1149 ’
274 1141 357 1215 Nec
375 1143 482 1216 viridi
503 1145 698 1219 viduamur
717 1145 858 1220 umbra.

151 1275 216 1353 libi
233 1280 400 1355 barathro
420 1298 544 1358 motus
561 1285 607 1358 eb
626 1286 755 1360 infimo

152 1416 302 1519 Assurgit
321 1420 459 1512 Orcus,
476 1424 719 1522 sceptrigeras
736 1424 840 1498 ciens

229 1563 380 1639 Circtlm
401 1580 586 1641 catervas:
613 1579 650 1639 te
667 1563 868 1665 tyrannum

275 1703 492 1801 Purpureus
511 1720 706 1781 veneratur
720 1707 825 1783 ordo.

152 1838 280 1920 Ludum
298 1850 519 1923 insolentem
539 1850 665 1924 ludere
682 1853 867 1946 pertinax,

151 1975 232 2060 Tene
246 1992 445 2084 occupavit
462 1992 556 2062 dura
573 1994 785 2083 necessitas,

227 2128 389 2224 Superbe
408 2130 566 2207 Victor?
594 2133 650 2207 Te
664 2134 737 2208 sub
756 2133 904 2211 umbras

274 2269 343 2344 Vis
360 2273 455 2365 rapit
473 2271 669 2364 imperiosa
686 2270 751 2344 leti
765 2271 780 2347 i

149 2401 229 2484 Out
245 2413 393 2484 recessit
411 2434 547 2505 pompa
565 2411 792 2485 minacium!

148 2541 189 2619 Ut
203 2551 306 2624 fracta
325 2553 467 2625 virtus!
499 2550 667 2647 Assyrioe
682 2551 782 2644 jacet

228 2690 424 2791 Regnator,
444 2693 670 2786 impastique
688 2713 844 2776 vermes,
936 2754 941 2761 .

273 2833 391 2908 Foeda
408 2834 555 2917 cohors,
573 2832 802 2927 populantur
817 2847 932 2907 artus.

145 2965 189 3042 Ut
201 2976 380 3059 decidisti,
400 2975 594 3071 splendide
613 2973 776 3060 Lucifer,

146 3106 207 3190 Eos
222 3118 361 3214 proles!
392 3115 559 3199 Occidit,
577 3111 718 3187 occidit

227 3257 397 3333 Porrecto
415 3258 588 3350 majestas
606 3254 650 3327 ab
669 3267 755 3329 ortu

275 3399 372 3475 Solis
390 3400 435 3472 ad
456 3397 686 3493 Hesperium
702 3393 840 3468 cubile.

145 3532 188 3613 lt
201 3556 239 3618 tu
257 3547 382 3618 minari
403 3542 589 3640 quidlibet
608 3541 794 3635 impotens
838 3584 842 3593 ·

143 3672 297 3778 Tyranno
316 3710 447 3780 nuper,
474 3693 497 3729 ‘⁸
518 3681 607 3755 Non
625 3703 695 3778 ego
713 3677 862 3772 longius

225 3840 247 3874 “
267 3824 442 3902 Morabor
459 3826 496 3899 in
514 3824 633 3909 terris,
649 3820 715 3896 sed
731 3842 835 3897 arces

193 4053 196 4058 .
274 3978 298 4015 “
320 3966 507 4047 AEtberins
524 3961 764 4061 liquidasque
781 3975 934 4058 tangam

623 4113 682 4177 12
