2670 4836
372 522 505 584 MUSAE
534 519 823 589 mommsen.
1062 511 1110 592 67

40 691 247 771 -Auditer
274 717 397 770 raneae
415 720 577 772 concava
595 717 792 795 personant

67 834 251 934 Sepulcra
270 863 391 912 voces.
446 841 634 914 “Siccine
655 845 797 937 pulveri

172 989 197 1022 “
215 977 397 1053 Desertus
414 1000 637 1078 exaequatnr
657 986 730 1074 iiie,

221 1129 246 1163 “
266 1121 388 1211 Quem
407 1122 561 1198 dornitae
580 1142 757 1200 tremuere
773 1129 931 1224 gentes?

64 1269 91 1304 “
113 1257 208 1352 Qun
225 1286 358 1356 pompa
377 1266 501 1360 sugit?
529 1265 619 1357 Qun
636 1269 915 1359 strepitantium
1058 1280 1106 1344 25

67 1411 92 1448 “
113 1401 277 1501 Ciangor
295 1394 494 1480 tubarum?
523 1408 602 1480 Cur
621 1432 742 1501 neque
762 1409 864 1481 tibiae

169 1554 193 1586 ‘⁸
214 1541 368 1631 Dulces‚
388 1569 507 1639 neque
526 1547 727 1620 adventurn
745 1545 893 1640 superbi

216 1683 450 1782 “Tympana
471 1691 698 1780 proecinuere
717 1689 812 1787 regis
826 1684 867 1765 ?”

65 1822 242 1899 Videtis?
271 1828 398 1922 ingens
419 1830 599 1923 praecipiti
619 1831 694 1903 ruit

68 1965 130 2041 Ab
148 1993 230 2042 arce
246 1970 332 2042 coeli
354 1970 502 2042 Lucifer
525 1975 666 2066 impetu
684 2002 694 2056 3

166 2109 348 2205 Jacetque
369 2125 582 2205 prostratus,
602 2112 740 2185 iereb'et

218 2253 295 2343 Qui
316 2253 495 2326 tumidam
515 2278 626 2347 super
644 2268 737 2325 astra
753 2264 928 2343 mentem,

67 2397 255 2493 Dixitque
271 2421 427 2479 securn3
454 2405 477 2439 “
498 2395 586 2467 Non
606 2417 673 2491 ego
692 2394 843 2470 subditi

66 2537 259 2615 “Tellure
277 2539 446 2624 claudam
473 2539 563 2633 quin
582 2539 677 2611 solio
695 2537 769 2613 Dei

164 2689 188 2723 “
207 2680 373 2753 Sublime
390 2680 592 2765 considam,
614 2678 796 2776 Deusque
1055 2695 1101 2757 35

212 2831 236 2865 “
255 2818 486 2917 Supposiinn‘,
505 2845 609 2917 prece
626 2823 766 2909 c'ultns,
785 2824 868 2919 ip'ie

66 2971 90 3007 ‘⁸
110 2960 189 3035 Res
205 2955 422 3036 ordinabo.'’
474 2959 668 3034 'feramen
688 2962 802 3058 impie

67 3101 322 3176 Ferocientem
343 3100 523 3197 praecipi'ti
543 3098 650 3173 Deus

166 3243 300 3318 Mersit
317 3243 434 3330 ruini,
453 3252 496 3316 te'
507 3242 701 3316 cadentem

214 3383 397 3460 Tartareae
414 3408 565 3480 rapuere
582 3388 720 3459 faucee.

64 3530 233 3628 lapsum
252 3532 368 3603 viator
385 3530 597 3625 praeteriens
615 3526 730 3612 videt,

62 3673 269 3774 Capntque
287 3694 486 3767 quassans;
514 3679 537 3716 “
557 3669 701 3766 Ergone
718 3666 773 3740 sic
789 3666 889 3758 jacet

163 3824 188 3863 ‘⁶
208 3814 396 3914 Regnator
413 3811 539 3886 orbis?
565 3796 631 3906 qui
649 3833 715 3904 per
732 3807 856 3884 hostes

213 3968 239 4004 “
258 3956 457 4056 Explicuit
473 3955 546 4033 fen
563 3954 684 4030 victor
701 3976 823 4030 arma:

551 4121 573 4171 r
600 4104 624 4168 2
