2670 4836
419 540 588 605 -ucsa
617 536 912 609 unuunusas.
1150 518 1176 617 ζ

399 778 574 838 ’----
589 780 693 850 uuum
707 804 868 852 lusurus

412 924 675 971 susurru——

146 1012 279 1086 Migle.
597 1088 603 1099 .
1020 1023 1090 1063 nn.
1100 1008 1180 1065 1²30·

141 1291 304 1367 lisseio
322 1291 400 1387 qul
418 1306 552 1390 praeter
567 1294 724 1370 solitum
734 1294 936 1370 dulcedine
949 1306 1080 1390 uptus
1154 1318 1157 1329 ·

145 1433 212 1509 Per
222 1435 328 1533 juga,
345 1458 409 1531 per
422 1437 613 1534 scopulos,
627 1450 664 1511 et
683 1437 873 1531 inhospita
888 1451 1021 1531 tesqua
1033 1435 1177 1509 viarum

145 1574 272 1673 Carpit
288 1578 358 1653 iter
375 1593 490 1669 vater,
509 1579 643 1655 tumidi
661 1604 727 1655 seu
746 1581 884 1679 coerula
900 1579 1006 1676 ponti
1148 1606 1154 1613 ·

145 1712 305 1814 Pegaseo
323 1732 440 1792 tranet
458 1742 584 1806 cursu,
600 1744 668 1795 seu
687 1720 812 1795 flebile
827 1740 983 1819 reguum

143 1856 301 1933 Tartarei
321 1858 496 1937 Plutonis
513 1875 552 1935 et
568 1886 654 1937 arva
669 1863 818 1936 silentia
835 1863 945 1937 visat.
1157 1870 1182 1935 ὁ

190 1998 298 2075 Felix
315 2008 325 2076 l
353 2004 416 2076 cui
434 2003 524 2077 licet
541 2002 714 2101 Elysium
731 1984 934 2099 diuinaque
950 2025 1034 2077 rura

144 2141 287 2219 llientis
301 2168 400 2240 opus
417 2145 573 2221 lustrare
588 2170 670 2221 suae
687 2177 697 2233 ς
723 2170 799 2221 non
815 2146 906 2221 llere
922 2145 1108 2220 virescens

147 2284 313 2381 Campus
330 2287 523 2372 odorifero,
543 2309 665 2383 neque
682 2286 755 2359 leni
773 2286 918 2359 rivulus
935 2284 1044 2357 alneu

146 2424 310 2501 Desunt.
363 2425 444 2512 Ille,
462 2427 588 2501 anima
604 2450 701 2522 quos
718 2424 882 2511 finxerit,
899 2425 1029 2499 ordine
1046 2424 1154 2501 lucos
1173 2446 1175 2451 ·

148 2563 329 2650 Permeat‚
349 2578 387 2637 et
403 2566 548 2663 magico
563 2565 830 2662 complectitur
844 2565 967 2639 amnia
985 2565 1084 2641 visu.
1141 2575 1185 2640 10

195 2704 270 2795 Tu,
289 2705 383 2793 Dea,
397 2730 487 2802 quae
501 2705 699 2805 Nymphas
716 2708 810 2779 inter
822 2706 1029 2801 dulcesque
1044 2729 1186 2780 sorores

151 2844 325 2920 Castaliis
342 2847 481 2921 crinem
499 2848 639 2946 gaudes
656 2847 869 2946 immergere
887 2847 1063 2945 lymphis,

150 2986 470 3087 Errabunda·regis
487 2988 665 3088 vestigia3
690 2985 750 3062 Tu
769 3014 833 3085 per
848 3012 1018 3063 amoencs

151 3126 267 3225 Elysii
288 3127 394 3215 fines,
413 3152 476 3225 per
492 3141 665 3224 pontum,
682 3141 797 3222 atque
814 3127 908 3200 aeris
926 3152 1006 3202 oras

152 3268 273 3345 Ducis
293 3270 528 3365 inexpletum
543 3271 692 3346 studio!
713 3268 798 3344 Tibi
816 3271 929 3360 servit
945 3296 1124 3369 aquarum
1145 3284 1187 3350 15

152 3408 390 3508 Tellurisque
406 3412 525 3502 sinus,
541 3437 666 3509 neque
682 3412 852 3508 passibus
870 3411 970 3485 invia
988 3411 1130 3487 Divum

154 3551 332 3629 Collucet
348 3557 483 3630 domus
499 3556 573 3631 alta
590 3559 680 3647 tuis,
696 3579 873 3652 arcesque
888 3554 1022 3631 beatae.

201 3694 1191 3796 HicnequeconqueriturLibyaesinegraminearenas,

155 3832 240 3909 Nec
254 3835 359 3934 juga,
380 3836 603 3934 lapsuroque
620 3839 801 3912 minantia
816 3838 992 3935 fragmine
1008 3864 1111 3929 saxa,

159 3971 235 4047 Dia
250 3977 435 4051 creatricis
452 3979 670 4076 cuicunque
686 3979 854 4075 potentia
871 3979 998 4056 Musae
1147 3989 1197 4055 90
