2670 4836
341 495 350 511 '
452 528 586 586 unsa
619 528 907 587 aronansas.
1103 525 1174 591 ³13
1229 563 1231 568 ·
1276 488 1279 493 ’

145 694 193 769 Se
209 672 580 794 glomeratrridetque
598 723 696 773 novo
714 718 843 774 natura
859 700 990 772 decore

145 836 174 909 F
179 839 392 933 urtivasque
408 839 504 912 faces
522 854 559 912 ct
576 865 648 914 non
667 865 735 913 sua
753 841 892 913 lumina
909 863 1073 913 cernens.

146 974 285 1051 Lurida
302 979 551 1074 nequicquam
570 981 699 1054 tacitas
718 980 946 1078 nigrantibus
963 979 1101 1053 umbris
1126 989 1174 1054 25

146 1118 236 1192 Nox
256 1119 375 1214 operit
392 1133 525 1204 terras:
553 1122 663 1194 iacies
680 1120 848 1193 innubila
864 1119 952 1191 coeli

144 1257 348 1352 Splendnre
365 1259 514 1333 insolito
532 1260 605 1333 late
622 1261 758 1332 radiata
774 1271 954 1333 coruscat.

145 1400 245 1492 Quis
263 1414 384 1473 tamen
398 1401 572 1496 expediat
591 1426 712 1487 versu,
731 1401 843 1496 quam
862 1411 1024 1495 praepete
1042 1398 1124 1473 nisu

144 1537 232 1611 Sese
250 1540 391 1612 accline
404 1539 514 1631 jubar
528 1534 681 1612 siriuans
699 1540 813 1632 pitida
830 1540 919 1611 atria
940 1538 1078 1611 Divum

145 1676 305 1773 insignit
325 1679 465 1774 trepido
482 1679 722 1754 curvamine?
748 1679 871 1752 lucida
888 1680 1005 1775 surgit
1129 1687 1177 1751 30

143 1813 324 1913 Pyramia,
343 1831 381 1888 et
400 1818 518 1915 pingit
535 1817 804 1913 trepidantibus
820 1819 959 1891 aethera
976 1818 1093 1890 conis.

145 1959 250 2049 Quid
269 1959 423 2056 loquar?
451 1975 494 2033 ut
511 1962 619 2033 celeri
639 1961 706 2032 lux
727 1962 923 2056 irrequieta
939 1959 1063 2033 volatu
1137 1986 1142 1991 ·

145 2103 193 2175 Se
213 2103 322 2192 levat,
340 2117 377 2176 et
396 2102 572 2176 tremulos
590 2105 627 2174 in
648 2101 803 2196 pulchra
818 2100 1007 2173 volumina
1026 2102 1128 2173 nisus

145 2243 331 2340 Explicat,
349 2258 387 2317 et
406 2245 566 2340 relegens
583 2269 651 2316 sua
670 2268 732 2338 per
748 2243 902 2339 vestigia
917 2265 1026 2338 gyros

145 2383 342 2479 Ancipites
360 2385 435 2458 ruit
451 2413 459 2467 ;
486 2410 528 2457 ac
549 2385 669 2480 (velut
686 2383 783 2456 unda
796 2382 1011 2476 supervenit
1029 2382 1177 2470 undanr,

144 2523 245 2598 Cum
266 2526 377 2598 maria
394 2526 579 2621 incipiunt
591 2526 725 2624 agitata
743 2538 948 2598 tumescere
966 2524 1102 2622 ventis)
1130 2526 1178 2601 36

145 2667 311 2742 Involvit
328 2669 448 2742 radios
465 2668 596 2754 radiia;
622 2693 723 2743 nunc
743 2656 983 2765 territa-visus

146 2810 288 2906 Effugit
301 2811 475 2899 exultim,
495 2812 756 2906 trepidansque
773 2811 921 2906 repente
939 2813 1104 2887 recurrit.

198 2952 301 3025 Hinc
319 2953 408 3025 dirae
426 2953 550 3038 ficies,
570 2951 657 3023 hinc
675 2950 833 3044 plurima
850 2954 974 3025 martis
991 2954 1112 3052 imago

144 3093 324 3189 Undique
340 3094 545 3192 consurgit3
572 3093 803 3166 concurritur
815 3093 953 3165 aethere
967 3094 1002 3166 iu
1020 3094 1112 3179 alt03
1132 3105 1180 3170 40

147 3235 298 3329 Spicula
317 3235 417 3307 mille
436 3235 574 3323 volant,
592 3235 801 3328 emissaque
818 3237 889 3306 tela
909 3259 1112 3328 parentas:

148 3375 369 3474 Sanguinere
386 3387 562 3469 apparent
581 3391 726 3458 turmae,
742 3376 956 3470 ceduntque
973 3390 1164 3473 ruuntque

149 3511 294 3607 Impete
311 3513 486 3585 confuso:
513 3513 630 3584 durus
647 3513 677 3584 si
698 3515 832 3600 navita,
850 3514 879 3584 si
899 3514 984 3608 quis
1016 3566 1024 3581 .

151 3653 316 3728 lnsotnni
334 3678 434 3727 retno
452 3652 613 3727 boreales
631 3653 796 3725 verberat
814 3655 942 3742 undas,

148 3792 403 3871 Transcursus'
414 3796 597 3871 radiorum
616 3795 728 3893 agiles
744 3796 939 3868 formidine
956 3796 1099 3884 lustrat,
1133 3812 1180 3876 45

149 3937 196 4011 Et
214 3940 300 4013 coeli
321 3964 489 4015 convexa
507 3938 625 4012 modis
640 3938 817 4036 fulgentia
836 3939 949 4013 miris.
