2670 4836
216 584 219 591 .
241 524 310 591 189
546 526 681 581 MUSAE
713 526 1004 583 ETONENSEs.

239 674 361 771 Deviu
381 721 481 770 nunc
500 697 584 771 lusu
605 723 670 794 per
687 699 799 772 florea
815 723 896 771 rura
915 714 1080 797 vagatur,

290 840 379 933 Qui
397 865 507 914 verna
525 843 677 916 insolito
693 842 809 937 spirat
823 843 938 915 odore
954 828 1035 914 roua
1051 871 1059 917 :

241 954 390 1061 Gaudia
409 1001 620 1082 pertentant
638 989 836 1084 plusquam
857 990 1025 1062 mortalia
1040 1013 1189 1075 seusus,

185 1140 188 1147 “
293 1125 426 1200 Purior
443 1142 500 1199 est
518 1127 647 1216 aether‚
666 1129 971 1224 splendidiorque
987 1128 1078 1203 dies.
1218 1130 1257 1201 i.-

139 1328 144 1343 .
242 1269 395 1342 Miranti
416 1270 610 1364 solemque
629 1294 768 1367 uuvurn
787 1286 825 1342 et
844 1296 942 1344 nova
957 1272 1078 1345 sidera
1094 1284 1293 1355 monstrat,

228 1412 237 1438 ⁴
291 1411 394 1500 Quae
412 1411 504 1483 colit
524 1410 708 1507 Elysium,
730 1411 835 1483 turba
853 1412 972 1495 berta,
992 1433 1136 1485 neruus.
1244 1413 1293 1485 26

165 1566 169 1571 '
240 1534 381 1624 i'erirrir
401 1553 524 1625 anima
542 1552 683 1643 iujusto
700 1554 821 1625 somni
840 1553 911 1625 sub
931 1551 1092 1647 imagine
1111 1575 1249 1647 poenas
1289 1644 1294 1653 Ι
1318 1604 1321 1609 -

293 1694 432 1791 Pingit,
451 1695 497 1766 ad
514 1694 724 1791 ignivomos
742 1696 793 1769 ire
811 1709 940 1768 coacta
957 1695 1075 1767 lacus.
1234 1764 1244 1785 ,.

241 1835 357 1908 Nunc
376 1849 514 1907 exusta
530 1835 631 1907 doiet
651 1836 810 1909 flammis
830 1835 1026 1909 ultricibus
1043 1806 1142 1921 ossii,

279 1988 409 2061 'Nunc
419 1984 619 2083 plusquam
632 1984 815 2084 Scythico
825 1998 974 2080 pectora
984 1983 1230 2080 vinctagelu.
1246 1993 1295 2063 30

242 2129 411 2203 lntixum
428 2127 588 2224 scopulo
603 2128 712 2202 turiae
730 2125 965 2220 serpentibus
984 2137 1130 2222 urgent,

291 2269 463 2344 Pendula
480 2270 540 2341 vel
560 2268 668 2342 celeri
690 2267 854 2343 volvitur
873 2264 1000 2339 umbra
1019 2278 1125 2339 noto.

240 2410 408 2486 Territus
425 2409 611 2483 exclamat
626 2439 635 2495 ;
662 2407 785 2505 quatit
802 2432 899 2504 oeger
916 2406 1106 2483 anhelitus
1117 2419 1260 2493 ,πως

292 2550 459 2629 Solvitur
476 2561 514 2619 et
532 2549 656 2623 medio
673 2563 783 2645 rupta
802 2551 933 2625 timore
949 2548 1072 2647 quies.
1191 2614 1194 2621 .
