2670 4836
146 481 217 545 35³2
448 498 583 553 MUSAE
617 497 907 554 ETONENSES.

142 666 306 742 Dextera
327 667 456 742 tutelae
476 669 634 765 torpebit
653 670 799 742 inutilis
819 669 913 754 urbi,

191 809 307 901 Qubd
327 813 458 886 cornix
476 837 584 884 omen
604 813 709 885 triste
726 813 871 909 sinistra
890 809 1018 907 paret?

146 950 234 1024 Nou
254 952 328 1025 ita!
362 951 417 1025 Sit
434 952 571 1026 subitoe
591 952 753 1025 volucris
771 954 897 1026 diviua
915 949 1104 1048 proceuae.

198 1094 313 1167 Fidus
330 1095 379 1166 sit
399 1094 538 1188 pluviae
555 1094 752 1192 gracculus
768 1118 887 1192 augur
904 1115 1014 1189 uquae
1032 1097 1040 1165 !

150 1235 203 1312 At
220 1260 341 1332 neque
359 1235 510 1309 fatidico
527 1235 643 1308 duces
660 1261 740 1309 mea
757 1261 866 1334 regnu
883 1236 1025 1322 volatu,
1142 1242 1191 1308 25

198 1377 281 1451 Nec
299 1379 407 1451 sistes
425 1378 580 1474 aquilas,
602 1378 767 1472 imp‘robe
784 1378 879 1474 pice,
897 1381 1022 1450 meas!

150 1521 192 1595 In
212 1521 354 1618 magnis
372 1520 536 1593 voluisse
553 1534 609 1593 sat
627 1534 683 1592 est
699 1550 708 1603 ;
736 1520 827 1616 quid
846 1520 1053 1616 quaerimus
1072 1514 1168 1590 uitri

200 1660 382 1734 Assiduas
400 1660 559 1733 fundens
577 1642 706 1735 sedula
724 1664 830 1736 turba
848 1663 1005 1759 preces?

150 1801 256 1896 Quid
275 1826 377 1874 sacra
392 1801 511 1874 arcani
532 1817 741 1874 scrutamur
759 1805 916 1898 mystica
934 1802 996 1875 fati
1014 1802 1028 1873 ?

206 1946 324 2020 Patria
343 1945 444 2039 quod
459 1943 605 2036 jubeat,
623 1943 710 2037 quis
730 1960 837 2040 neget
854 1967 936 2016 esse
953 1942 1056 2037 pium
1074 1941 1089 2015 ?
1148 1952 1195 2018 30

154 2087 332 2183 Quisque
350 2109 421 2159 suo
439 2085 604 2181 proprios
621 2097 740 2182 gestat
756 2082 827 2157 sub
847 2095 994 2179 pectore
1012 2080 1162 2164 Divos;

204 2210 435 2322 Cuicuuque
453 2239 510 2298 est
530 2226 660 2313 virtus,
678 2250 816 2298 uumen
836 2239 874 2298 et
892 2222 994 2298 intus
1013 2223 1138 2299 habet.

157 2369 221 2444 Nil
242 2394 318 2441 arus
337 2392 449 2464 posco
470 2366 644 2466 Lybicas·.
698 2364 826 2456 Quum
845 2367 875 2441 si
894 2365 985 2461 quid
1003 2365 1049 2437 ub
1066 2366 1145 2438 ulto

203 2511 226 2584 J
233 2525 339 2584 ustus
358 2512 444 2582 ades
463 2512 559 2583 votis
576 2509 725 2603 Jupiter
743 2507 822 2601 ipse
844 2507 948 2591 meis,
1150 2520 1197 2583 34

159 2651 307 2733 Fausta,
321 2673 458 2743 precor,
471 2650 639 2721 miseram
654 2661 875 2721 conservent
886 2648 1012 2720 omiuu
1025 2646 1197 2736 Romam,

197 2753 307 2863 ‘Tuta
323 2789 371 2862 sit
390 2790 567 2885 auspiciis
585 2789 702 2885 patria
720 2806 811 2862 terra
826 2789 928 2866 tuis!

161 2931 328 3007 Libertas
348 2929 397 3003 ibi
416 2953 560 3025 semper
578 2946 678 3015 ovet,
697 2945 893 3028 patresque
912 2932 1091 3023 verendos

210 3069 382 3144 Caesareo
401 3070 538 3165 pudeat
555 3073 801 3143 succubuisse
815 3071 931 3168 jugo!

164 3212 251 3288 Hoc
269 3237 370 3285 orare
386 3210 520 3284 Jovem
538 3211 627 3284 satis
644 3227 712 3296 est,
733 3211 804 3286 hoc
823 3238 975 3309 poscere
990 3247 999 3299 ;
1026 3217 1153 3291 demut

214 3352 457 3453 Naufragium
477 3353 618 3447 patrioe,
637 3375 732 3426 mors
751 3354 841 3427 mihi
860 3379 999 3430 munus
1016 3359 1099 3433 erit.
1153 3372 1201 3436 40
