<?xml version="1.0" encoding="UTF-8"?>
<!DOCTYPE html PUBLIC "-//W3C//DTD XHTML 1.0 Transitional//EN"
    "http://www.w3.org/TR/xhtml1/DTD/xhtml1-transitional.dtd">
<html xmlns="http://www.w3.org/1999/xhtml" xml:lang="en" lang="en">
 <head>
  <title>
</title>
<meta http-equiv="Content-Type" content="text/html;charset=utf-8" />
  <meta name='ocr-system' content='tesseract 3.04.00' />
  <meta name='ocr-capabilities' content='ocr_page ocr_carea ocr_par ocr_line ocrx_word'/>
</head>
<body>
  <div class='ocr_page' id='page_1' title='image "./musetonensesseu00unkngoog_0128.png"; bbox 0 0 2670 4836; ppageno 0'>
   <div class='ocr_carea' id='block_1_1' title="bbox 375 508 828 569">
    <p class='ocr_par' dir='ltr' id='par_1_1' title="bbox 375 508 828 569">
     <span class='ocr_line' id='line_1_1' title="bbox 375 508 828 569; baseline -0.002 -2"><span class='ocrx_word' id='word_1_1' title='bbox 375 508 509 567; x_wconf 73' lang='lat' dir='ltr'>MUSE</span> <span class='ocrx_word' id='word_1_2' title='bbox 540 508 828 569; x_wconf 75' lang='lat' dir='ltr'><strong>ETONENSES.</strong></span> 
     </span>
    </p>
   </div>
   <div class='ocr_carea' id='block_1_2' title="bbox 80 679 857 1484">
    <p class='ocr_par' dir='ltr' id='par_1_2' title="bbox 80 679 857 1073">
     <span class='ocr_line' id='line_1_2' title="bbox 80 679 803 789; baseline -0.003 -31"><span class='ocrx_word' id='word_1_3' title='bbox 80 681 240 789; x_wconf 33' lang='lat' dir='ltr'>&#39;Nivalis</span> <span class='ocrx_word' id='word_1_4' title='bbox 259 679 433 756; x_wconf 84' lang='lat' dir='ltr'>Hebrus:</span> <span class='ocrx_word' id='word_1_5' title='bbox 463 682 614 754; x_wconf 88' lang='lat' dir='ltr'>nurnine</span> <span class='ocrx_word' id='word_1_6' title='bbox 632 705 714 754; x_wconf 83' lang='lat' dir='ltr'>narn</span> <span class='ocrx_word' id='word_1_7' title='bbox 736 695 803 756; x_wconf 90' lang='lat' dir='ltr'>tuo</span> 
     </span>
     <span class='ocr_line' id='line_1_3' title="bbox 86 824 857 922; baseline -0.005 -19"><span class='ocrx_word' id='word_1_8' title='bbox 86 826 256 903; x_wconf 85' lang='lat' dir='ltr'>Gentem</span> <span class='ocrx_word' id='word_1_9' title='bbox 277 826 431 898; x_wconf 77' lang='lat' dir='ltr'>serrrcem</span> <span class='ocrx_word' id='word_1_10' title='bbox 450 839 488 898; x_wconf 93' lang='lat' dir='ltr'>et</span> <span class='ocrx_word' id='word_1_11' title='bbox 506 824 722 898; x_wconf 68' lang='lat' dir='ltr'>Threicium</span> <span class='ocrx_word' id='word_1_12' title='bbox 739 849 857 922; x_wconf 84' lang='lat' dir='ltr'>genus</span> 
     </span>
     <span class='ocr_line' id='line_1_4' title="bbox 143 965 772 1073; baseline -0.011 -30"><span class='ocrx_word' id='word_1_13' title='bbox 143 966 284 1043; x_wconf 83' lang='lat' dir='ltr'>Polivit</span> <span class='ocrx_word' id='word_1_14' title='bbox 303 965 491 1058; x_wconf 81' lang='lat' dir='ltr'>Orpheus.</span> <span class='ocrx_word' id='word_1_15' title='bbox 539 965 615 1073; x_wconf 22' lang='lat' dir='ltr'>‘ute</span> <span class='ocrx_word' id='word_1_16' title='bbox 633 980 772 1059; x_wconf 81' lang='lat' dir='ltr'><strong>raptam</strong></span> 
     </span>
    </p>

    <p class='ocr_par' dir='ltr' id='par_1_3' title="bbox 88 1104 818 1484">
     <span class='ocr_line' id='line_1_5' title="bbox 192 1104 798 1203; baseline -0.007 -22"><span class='ocrx_word' id='word_1_17' title='bbox 192 1105 371 1181; x_wconf 83' lang='lat' dir='ltr'>Manibus</span> <span class='ocrx_word' id='word_1_18' title='bbox 392 1105 598 1203; x_wconf 71' lang='lat' dir='ltr'>Eurydicen</span> <span class='ocrx_word' id='word_1_19' title='bbox 617 1107 688 1179; x_wconf 80' lang='lat' dir='ltr'>sub</span> <span class='ocrx_word' id='word_1_20' title='bbox 708 1104 798 1199; x_wconf 83' lang='lat' dir='ltr'>ipsis</span> 
     </span>
     <span class='ocr_line' id='line_1_6' title="bbox 89 1247 818 1341; baseline -0.001 -18"><span class='ocrx_word' id='word_1_21' title='bbox 89 1248 322 1341; x_wconf 58' lang='lat' dir='ltr'>Quaerebam</span> <span class='ocrx_word' id='word_1_22' title='bbox 349 1273 462 1321; x_wconf 79' lang='lat' dir='ltr'>ansus</span> <span class='ocrx_word' id='word_1_23' title='bbox 482 1247 670 1321; x_wconf 77' lang='lat' dir='ltr'>&#39;i&#39;artareas</span> <span class='ocrx_word' id='word_1_24' title='bbox 688 1247 818 1322; x_wconf 75' lang='lat' dir='ltr'>domos</span> 
     </span>
     <span class='ocr_line' id='line_1_7' title="bbox 88 1389 770 1484; baseline -0.004 -20"><span class='ocrx_word' id='word_1_25' title='bbox 88 1389 331 1484; x_wconf 85' lang='lat' dir='ltr'>Furramque</span> <span class='ocrx_word' id='word_1_26' title='bbox 350 1390 470 1461; x_wconf 87' lang='lat' dir='ltr'>noctis</span> <span class='ocrx_word' id='word_1_27' title='bbox 490 1392 605 1461; x_wconf 77' lang='lat' dir='ltr'>visere</span> <span class='ocrx_word' id='word_1_28' title='bbox 623 1389 770 1484; x_wconf 82' lang='lat' dir='ltr'>regiam,</span> 
     </span>
    </p>
   </div>
   <div class='ocr_carea' id='block_1_3' title="bbox 146 1532 824 1765">
    <p class='ocr_par' dir='ltr' id='par_1_4' title="bbox 146 1532 824 1765">
     <span class='ocr_line' id='line_1_8' title="bbox 146 1532 762 1626; baseline -0.003 -19"><span class='ocrx_word' id='word_1_29' title='bbox 146 1532 194 1608; x_wconf 86' lang='lat' dir='ltr'>Et</span> <span class='ocrx_word' id='word_1_30' title='bbox 212 1532 379 1605; x_wconf 79' lang='lat' dir='ltr'><strong>barbiton</strong></span> <span class='ocrx_word' id='word_1_31' title='bbox 401 1533 552 1626; x_wconf 77' lang='lat' dir='ltr'>pulsans</span> <span class='ocrx_word' id='word_1_32' title='bbox 570 1544 762 1605; x_wconf 80' lang='lat' dir='ltr'>sonantem</span> 
     </span>
     <span class='ocr_line' id='line_1_9' title="bbox 196 1669 824 1765; baseline 0.005 -22"><span class='ocrx_word' id='word_1_33' title='bbox 196 1670 447 1765; x_wconf 75' lang='lat' dir='ltr'>Persephones</span> <span class='ocrx_word' id='word_1_34' title='bbox 467 1671 671 1765; x_wconf 82' lang='lat' dir='ltr'>penetravit</span> <span class='ocrx_word' id='word_1_35' title='bbox 688 1669 824 1746; x_wconf 83' lang='lat' dir='ltr'>auiam.</span> 
     </span>
    </p>
   </div>
   <div class='ocr_carea' id='block_1_4' title="bbox 92 1810 946 3899">
    <p class='ocr_par' dir='ltr' id='par_1_5' title="bbox 92 1810 926 3324">
     <span class='ocr_line' id='line_1_10' title="bbox 92 1810 759 1911; baseline -0.004 -22"><span class='ocrx_word' id='word_1_36' title='bbox 92 1812 168 1890; x_wconf 87' lang='lat' dir='ltr'>Sed</span> <span class='ocrx_word' id='word_1_37' title='bbox 184 1836 256 1885; x_wconf 91' lang='lat' dir='ltr'>non</span> <span class='ocrx_word' id='word_1_38' title='bbox 276 1828 433 1884; x_wconf 85' lang='lat' dir='ltr'>amatam</span> <span class='ocrx_word' id='word_1_39' title='bbox 452 1810 507 1885; x_wconf 88' lang='lat' dir='ltr'>bis</span> <span class='ocrx_word' id='word_1_40' title='bbox 526 1813 650 1907; x_wconf 87' lang='lat' dir='ltr'>potuit</span> <span class='ocrx_word' id='word_1_41' title='bbox 668 1812 759 1911; x_wconf 87' lang='lat' dir='ltr'>lyra,</span> 
     </span>
     <span class='ocr_line' id='line_1_11' title="bbox 96 1951 861 2050; baseline -0.001 -22"><span class='ocrx_word' id='word_1_42' title='bbox 96 1952 307 2049; x_wconf 84' lang='lat' dir='ltr'>Raptamve</span> <span class='ocrx_word' id='word_1_43' title='bbox 324 1966 456 2025; x_wconf 84' lang='lat' dir='ltr'>cantus</span> <span class='ocrx_word' id='word_1_44' title='bbox 472 1951 619 2025; x_wconf 81' lang='lat' dir='ltr'>reddere</span> <span class='ocrx_word' id='word_1_45' title='bbox 635 1953 831 2050; x_wconf 84' lang='lat' dir='ltr'>conjugem</span> <span class='ocrx_word' id='word_1_46' title='bbox 851 1980 861 2028; x_wconf 79' lang='lat' dir='ltr'>t</span> 
     </span>
     <span class='ocr_line' id='line_1_12' title="bbox 146 2092 743 2191; baseline -0.002 -22"><span class='ocrx_word' id='word_1_47' title='bbox 146 2092 245 2169; x_wconf 88' lang='lat' dir='ltr'>Tum</span> <span class='ocrx_word' id='word_1_48' title='bbox 264 2094 368 2167; x_wconf 82' lang='lat' dir='ltr'>solus</span> <span class='ocrx_word' id='word_1_49' title='bbox 388 2094 575 2167; x_wconf 76' lang='lat' dir='ltr'>horrentes</span> <span class='ocrx_word' id='word_1_50' title='bbox 593 2095 743 2191; x_wconf 79' lang='lat' dir='ltr'>pruinas</span> 
     </span>
     <span class='ocr_line' id='line_1_13' title="bbox 103 2234 784 2331; baseline 0 -22"><span class='ocrx_word' id='word_1_51' title='bbox 103 2270 107 2277; x_wconf 95' lang='lat'>·</span> <span class='ocrx_word' id='word_1_52' title='bbox 199 2236 411 2329; x_wconf 81' lang='lat' dir='ltr'>Questibus</span> <span class='ocrx_word' id='word_1_53' title='bbox 428 2252 465 2308; x_wconf 87' lang='lat' dir='ltr'>at</span> <span class='ocrx_word' id='word_1_54' title='bbox 482 2236 645 2331; x_wconf 80' lang='lat' dir='ltr'>glacialis</span> <span class='ocrx_word' id='word_1_55' title='bbox 666 2234 784 2309; x_wconf 88' lang='lat' dir='ltr'>Hebri</span> 
     </span>
     <span class='ocr_line' id='line_1_14' title="bbox 99 2377 768 2477; baseline -0.016 -19"><span class='ocrx_word' id='word_1_56' title='bbox 99 2379 277 2477; x_wconf 82' lang='lat' dir='ltr'>Implevit</span> <span class='ocrx_word' id='word_1_57' title='bbox 294 2402 400 2458; x_wconf 72' lang='lat' dir='ltr'>oras:</span> <span class='ocrx_word' id='word_1_58' title='bbox 428 2400 520 2449; x_wconf 87' lang='lat' dir='ltr'>voce</span> <span class='ocrx_word' id='word_1_59' title='bbox 537 2377 628 2449; x_wconf 76' lang='lat' dir='ltr'>teras</span> <span class='ocrx_word' id='word_1_60' title='bbox 644 2398 768 2472; x_wconf 83' lang='lat' dir='ltr'>agene,</span> 
     </span>
     <span class='ocr_line' id='line_1_15' title="bbox 98 2516 843 2617; baseline -0.012 -18"><span class='ocrx_word' id='word_1_61' title='bbox 98 2520 297 2617; x_wconf 82' lang='lat' dir='ltr'>Dulcique</span> <span class='ocrx_word' id='word_1_62' title='bbox 316 2521 483 2593; x_wconf 80' lang='lat' dir='ltr'>rnulceus</span> <span class='ocrx_word' id='word_1_63' title='bbox 501 2519 663 2592; x_wconf 88' lang='lat' dir='ltr'>carmine</span> <span class='ocrx_word' id='word_1_64' title='bbox 682 2516 843 2613; x_wconf 71' lang='lat' dir='ltr'>tigridas,</span> 
     </span>
     <span class='ocr_line' id='line_1_16' title="bbox 152 2657 926 2754; baseline -0.006 -19"><span class='ocrx_word' id='word_1_65' title='bbox 152 2658 290 2736; x_wconf 85' lang='lat' dir='ltr'>Autita</span> <span class='ocrx_word' id='word_1_66' title='bbox 309 2660 499 2752; x_wconf 85' lang='lat' dir='ltr'>mirantem</span> <span class='ocrx_word' id='word_1_67' title='bbox 520 2682 584 2754; x_wconf 86' lang='lat' dir='ltr'>per</span> <span class='ocrx_word' id='word_1_68' title='bbox 604 2657 784 2735; x_wconf 77' lang='lat' dir='ltr'>Hoetnum</span> <span class='ocrx_word' id='word_1_69' title='bbox 810 2672 813 2678; x_wconf 84' lang='lat'>&#39;</span> <span class='ocrx_word' id='word_1_70' title='bbox 921 2745 926 2753; x_wconf 90' lang='lat'><strong>.</strong></span> 
     </span>
     <span class='ocr_line' id='line_1_17' title="bbox 199 2802 880 2911; baseline -0.006 -33"><span class='ocrx_word' id='word_1_71' title='bbox 199 2802 297 2878; x_wconf 71' lang='lat' dir='ltr'><strong>saxa</strong></span> <span class='ocrx_word' id='word_1_72' title='bbox 316 2802 462 2877; x_wconf 76' lang='lat' dir='ltr'>trahens</span> <span class='ocrx_word' id='word_1_73' title='bbox 481 2803 690 2911; x_wconf 84' lang='lat' dir='ltr'>rigidasque</span> <span class='ocrx_word' id='word_1_74' title='bbox 707 2822 880 2895; x_wconf 76' lang='lat' dir='ltr'>quercus.</span> 
     </span>
     <span class='ocr_line' id='line_1_18' title="bbox 103 2940 854 3027; baseline -0.003 -11"><span class='ocrx_word' id='word_1_75' title='bbox 103 2941 224 3016; x_wconf 85' lang='lat' dir='ltr'>Hunc</span> <span class='ocrx_word' id='word_1_76' title='bbox 243 2942 350 3015; x_wconf 88' lang='lat' dir='ltr'>turba</span> <span class='ocrx_word' id='word_1_77' title='bbox 371 2941 506 3027; x_wconf 77' lang='lat' dir='ltr'>Bacchi</span> <span class='ocrx_word' id='word_1_78' title='bbox 526 2941 670 3015; x_wconf 85' lang='lat' dir='ltr'>concita</span> <span class='ocrx_word' id='word_1_79' title='bbox 690 2940 854 3025; x_wconf 87' lang='lat' dir='ltr'>numine,</span> 
     </span>
     <span class='ocr_line' id='line_1_19' title="bbox 104 3083 773 3180; baseline -0.001 -22"><span class='ocrx_word' id='word_1_80' title='bbox 104 3084 286 3180; x_wconf 85' lang='lat' dir='ltr'>Interque</span> <span class='ocrx_word' id='word_1_81' title='bbox 306 3083 393 3158; x_wconf 92' lang='lat' dir='ltr'>Divi</span> <span class='ocrx_word' id='word_1_82' title='bbox 412 3108 512 3159; x_wconf 87' lang='lat' dir='ltr'><strong>sacra</strong></span> <span class='ocrx_word' id='word_1_83' title='bbox 528 3086 665 3167; x_wconf 78' lang='lat' dir='ltr'>surena,</span> <span class='ocrx_word' id='word_1_84' title='bbox 682 3107 773 3157; x_wconf 76' lang='lat' dir='ltr'>uuor</span> 
     </span>
     <span class='ocr_line' id='line_1_20' title="bbox 156 3228 793 3324; baseline -0.002 -22"><span class='ocrx_word' id='word_1_85' title='bbox 156 3228 324 3324; x_wconf 76' lang='lat' dir='ltr'>Sparsere</span> <span class='ocrx_word' id='word_1_86' title='bbox 342 3230 567 3323; x_wconf 81' lang='lat' dir='ltr'>discerptum</span> <span class='ocrx_word' id='word_1_87' title='bbox 588 3252 651 3323; x_wconf 91' lang='lat' dir='ltr'>per</span> <span class='ocrx_word' id='word_1_88' title='bbox 667 3249 793 3323; x_wconf 74' lang='lat' dir='ltr'>agros:</span> 
     </span>
    </p>

    <p class='ocr_par' dir='ltr' id='par_1_6' title="bbox 106 3365 946 3755">
     <span class='ocr_line' id='line_1_21' title="bbox 206 3365 946 3468; baseline -0.003 -25"><span class='ocrx_word' id='word_1_89' title='bbox 206 3369 306 3445; x_wconf 84' lang='lat' dir='ltr'>Tum</span> <span class='ocrx_word' id='word_1_90' title='bbox 319 3396 484 3468; x_wconf 87' lang='lat' dir='ltr'>qunque,</span> <span class='ocrx_word' id='word_1_91' title='bbox 499 3371 589 3445; x_wconf 85' lang='lat' dir='ltr'>duur</span> <span class='ocrx_word' id='word_1_92' title='bbox 606 3371 734 3445; x_wconf 83' lang='lat' dir='ltr'>flueret</span> <span class='ocrx_word' id='word_1_93' title='bbox 751 3391 815 3464; x_wconf 87' lang='lat' dir='ltr'>per</span> <span class='ocrx_word' id='word_1_94' title='bbox 831 3365 946 3443; x_wconf 87' lang='lat' dir='ltr'>Hebri</span> 
     </span>
     <span class='ocr_line' id='line_1_22' title="bbox 106 3515 830 3613; baseline -0.004 -22"><span class='ocrx_word' id='word_1_95' title='bbox 106 3515 325 3613; x_wconf 74' lang='lat' dir='ltr'>spumantia</span> <span class='ocrx_word' id='word_1_96' title='bbox 344 3520 472 3599; x_wconf 75' lang='lat' dir='ltr'>undas,</span> <span class='ocrx_word' id='word_1_97' title='bbox 495 3516 701 3613; x_wconf 69' lang='lat' dir='ltr'>Eurydicen</span> <span class='ocrx_word' id='word_1_98' title='bbox 721 3528 830 3588; x_wconf 81' lang='lat' dir='ltr'>vocat</span> 
     </span>
     <span class='ocr_line' id='line_1_23' title="bbox 109 3656 820 3755; baseline -0.006 -21"><span class='ocrx_word' id='word_1_99' title='bbox 109 3658 277 3734; x_wconf 76' lang='lat' dir='ltr'>Rerulua</span> <span class='ocrx_word' id='word_1_100' title='bbox 295 3662 419 3733; x_wconf 81' lang='lat' dir='ltr'>cervix</span> <span class='ocrx_word' id='word_1_101' title='bbox 438 3660 687 3755; x_wconf 51' lang='lat' dir='ltr'>uturyurcan</span> <span class='ocrx_word' id='word_1_102' title='bbox 705 3656 820 3752; x_wconf 80' lang='lat' dir='ltr'>gemit</span> 
     </span>
    </p>

    <p class='ocr_par' dir='ltr' id='par_1_7' title="bbox 161 3798 804 3899">
     <span class='ocr_line' id='line_1_24' title="bbox 161 3798 804 3899; baseline -0.002 -25"><span class='ocrx_word' id='word_1_103' title='bbox 161 3798 250 3876; x_wconf 82' lang='lat' dir='ltr'>Vox</span> <span class='ocrx_word' id='word_1_104' title='bbox 270 3803 412 3885; x_wconf 81' lang='lat' dir='ltr'>ultima,</span> <span class='ocrx_word' id='word_1_105' title='bbox 431 3819 469 3875; x_wconf 86' lang='lat' dir='ltr'>et</span> <span class='ocrx_word' id='word_1_106' title='bbox 486 3803 580 3898; x_wconf 76' lang='lat' dir='ltr'>ripas</span> <span class='ocrx_word' id='word_1_107' title='bbox 598 3826 659 3899; x_wconf 90' lang='lat' dir='ltr'>per</span> <span class='ocrx_word' id='word_1_108' title='bbox 674 3822 804 3874; x_wconf 70' lang='lat' dir='ltr'>omnen</span> 
     </span>
    </p>
   </div>
   <div class='ocr_carea' id='block_1_5' title="bbox 213 3940 798 4043">
    <p class='ocr_par' dir='ltr' id='par_1_8' title="bbox 213 3940 798 4043">
     <span class='ocr_line' id='line_1_25' title="bbox 213 3940 798 4043; baseline -0.007 -24"><span class='ocrx_word' id='word_1_109' title='bbox 213 3942 424 4043; x_wconf 83' lang='lat' dir='ltr'>Eurydicen</span> <span class='ocrx_word' id='word_1_110' title='bbox 442 3943 616 4025; x_wconf 78' lang='lat' dir='ltr'>referebat</span> <span class='ocrx_word' id='word_1_111' title='bbox 634 3940 798 4017; x_wconf 71' lang='lat' dir='ltr'>flebam.</span> 
     </span>
    </p>
   </div>
   <div class='ocr_carea' id='block_1_6' title="bbox 0 0 1340 4836">
    <p class='ocr_par' dir='ltr' id='par_1_9' title="bbox 0 0 1340 4836">
     <span class='ocr_line' id='line_1_26' title="bbox 0 0 1340 4836; baseline 0 0"><span class='ocrx_word' id='word_1_112' title='bbox 0 0 1340 4836; x_wconf 95' lang='lat' dir='ltr'> </span> 
     </span>
    </p>
   </div>
  </div>
 </body>
</html>
