2670 4836
198 482 247 547 64
491 490 627 551 sensu
656 486 943 546 nronnusns.

565 771 704 817 umcott
727 770 865 815 Incubo.

205 885 294 960 Tigre.

204 1241 244 1319 N
248 1267 303 1319 on
323 1267 430 1337 prece
449 1243 587 1316 tentavi
605 1243 737 1341 rigidas
755 1241 917 1316 mulcere
935 1241 1123 1336 procellos,

258 1385 342 1460 Nee
360 1410 443 1458 sum
462 1385 666 1460 caeruleurn
686 1383 905 1456 devenerata
924 1406 1047 1466 mare;

211 1527 266 1604 At
284 1529 385 1602 venti
405 1528 631 1625 pelagusque
649 1526 771 1598 favent
789 1552 797 1597 :
826 1539 866 1597 tu
886 1525 1021 1597 saevior
1038 1520 1113 1595 illis

263 1671 444 1745 Assiduas
461 1671 572 1743 surdl
588 1669 733 1764 respuis
750 1693 837 1741 eure
855 1692 995 1763 preces.

212 1812 268 1888 Te
281 1814 392 1886 inodo
403 1814 575 1900 servavit,
589 1835 761 1907 sponsam
774 1825 910 1898 tamen,
923 1809 1104 1906 improbe,
1112 1808 1257 1883 vendis:

266 1947 451 2022 Hoeccine
469 1971 533 2041 pro
551 1947 689 2019 meritis
708 1945 861 2040 praemis
878 1945 997 2018 reddit
1015 1945 1145 2021 amor?
1166 1974 1169 1981 ·
1234 1945 1256 2017 6

216 2088 290 2165 Pro
307 2103 343 2160 te
360 2087 538 2183 deceptos
556 2087 663 2182 liqui,
681 2087 870 2175 scelerate,
889 2100 1059 2181 parentes
1074 2112 1085 2172 ς

266 2231 422 2305 Deserui
444 2232 603 2327 patrium
623 2245 660 2303 te
677 2231 854 2304 comitata
872 2254 1029 2302 nemus:

217 2376 379 2452 Navales
397 2376 526 2447 mirata
544 2374 887 2481 domosxturresque
904 2385 1086 2458 natantes,

270 2515 452 2589 Commisi
472 2514 600 2610 pelago
618 2539 676 2586 me
694 2514 886 2610 fragilique
904 2515 995 2598 rati3
1220 2524 1263 2587 10

220 2655 305 2733 Nec
324 2656 465 2729 fluctus
485 2655 608 2742 timui,
627 2680 709 2741 nec,
730 2670 767 2726 te
786 2670 980 2751 praesente‚
1000 2655 1204 2750 procellas;

272 2797 397 2873 Corde
415 2822 498 2871 meo
516 2798 628 2871 cessit
645 2796 778 2892 pulsus
795 2822 915 2871 amore
934 2797 1055 2871 timor.

223 2936 288 3013 Ah
306 2937 437 3010 misera
456 2936 625 3010 laricon!
655 2937 747 3033 quid
765 2963 878 3026 amor,
897 2938 990 3034 quid
1011 2937 1133 3010 inania
1150 2951 1251 3027 vota,

274 3080 378 3174 Quid
401 3082 466 3155 tibi
484 3081 650 3179 conjugii
671 3106 802 3154 nomen
824 3084 933 3153 inane
952 3081 1007 3152 tui

226 3221 394 3297 Proluit?
423 3238 488 3293 aut
501 3224 626 3306 forma,
641 3235 707 3292 aut
721 3221 812 3294 oded
827 3223 976 3294 laudata
990 3222 1195 3301 venustas?
1225 3233 1270 3300 15

276 3362 315 3439 Si
334 3365 531 3461 prologum
550 3376 738 3457 nequeant
755 3363 961 3438 detinuisse
978 3365 1113 3439 virum.

230 3502 293 3579 Ah
314 3519 354 3577 tu
377 3507 477 3604 (narn
496 3504 664 3600 memini)
687 3504 858 3593 laudini,
878 3507 1028 3601 perfide,
1047 3507 1224 3596 vultum;

280 3649 457 3724 Lauddsti
477 3652 637 3758 dominre
656 3651 752 3724 colla
771 3675 979 3746 manusque
999 3667 1103 3725 tuae:

232 3792 323 3887 Quo
339 3817 429 3889 puer
447 3793 509 3864 ille
526 3793 631 3890 fugit,
647 3818 760 3889 quern
774 3793 886 3880 dixti,
903 3807 940 3865 et
956 3792 1116 3887 pectoris
1131 3792 1278 3868 aestus?

282 3933 348 4012 Me
365 3933 559 4008 miseram!
588 3959 726 4021 vereor,
746 3934 857 4008 fictus
878 3951 1035 4033 uterque
1053 3933 1139 4009 fuit.
1227 3944 1281 4009 20
