2670 4836
160 479 230 553 136
439 506 573 562 nusn
603 502 894 563 nrounnsns.

157 672 265 747 Felix
285 676 403 749 tulisti
421 707 429 751 :
457 692 529 750 stat
545 679 691 763 domus,
709 680 832 777 ingeni

157 813 331 893 Fecunda
351 818 477 891 nutrix
495 851 504 903 ;
532 818 637 891 floret
653 819 776 891 adhuc
796 819 862 891 tibi

255 956 386 1048 Etonn‚
408 958 602 1032 Musarum
622 984 801 1047 recessus,

305 1097 486 1195 Regificae
506 1117 747 1174 monumenta
762 1102 919 1173 dextrae.

156 1240 203 1313 Et
222 1257 258 1312 te
275 1241 471 1336 superbam
491 1240 625 1326 Marte,
644 1241 702 1313 vel
721 1241 812 1327 otio,

155 1383 267 1471 Elisa,
287 1386 432 1471 dicarn;
459 1410 524 1458 seu
544 1386 731 1458 dominam
749 1384 857 1457 maris

253 1526 308 1599 Te
325 1528 440 1599 sensit
461 1527 668 1621 Hispanus
687 1526 813 1623 fugato

303 1666 433 1742 Classe
450 1669 591 1754 dolens,
611 1669 823 1761 minuitque
840 1665 958 1739 fastus

153 1813 230 1886 vix
253 1837 324 1887 unu
341 1837 467 1906 sospes
487 1812 589 1882 navis
606 1809 651 1883 ab
669 1809 817 1905 ignibus
834 1839 843 1893 ;

152 1955 225 2029 Seu
248 1956 333 2028 laeta
353 1969 389 2027 te
404 1954 626 2026 commercia
640 1951 794 2024 coelitus

251 2098 401 2170 Norunt
420 2114 620 2192 patronam,
640 2098 730 2168 durn
749 2096 915 2168 fluebant

301 2238 345 2311 In
367 2239 561 2311 Britonum
580 2238 772 2310 cumulata
789 2252 929 2331 portus.

149 2381 234 2456 Tibi
255 2409 444 2479 perennes,
466 2384 588 2469 Anna,
609 2381 675 2454 tibi
697 2405 835 2454 memor

149 2527 310 2600 Nectem
328 2550 505 2608 coronas3
534 2538 571 2595 te
590 2524 794 2597 Rhodanus
812 2524 919 2614 celer,

248 2668 303 2739 Te
321 2668 425 2739 novit
446 2665 539 2739 Ister
555 2697 564 2750 ;
592 2683 628 2737 te
646 2680 834 2739 tonantem

296 2810 325 2882 F
328 2809 501 2882 landriaci
520 2821 699 2880 tremuere
716 2808 821 2882 fines.

148 2957 249 3049 Quae
267 2958 386 3027 facta!
418 2954 538 3025 laudis
556 2976 644 3048 quae
663 2966 765 3047 patet
782 2977 861 3025 area
879 2959 887 3024 !

148 3101 250 3176 Dnrn
272 3100 393 3173 Marte
411 3098 550 3170 vindex
569 3095 780 3171 Malburius
797 3095 897 3183 furit,

141 3310 143 3314 Α
244 3241 436 3337 Urgetque
452 3262 628 3311 successu
650 3263 712 3333 per
730 3237 855 3310 hostes

294 3383 424 3478 Usque
443 3407 541 3454 novo
558 3406 627 3452 sua
640 3382 761 3454 victor
776 3403 885 3452 arma.

144 3526 226 3599 Nec
245 3525 415 3597 indecore
437 3539 490 3608 tu,
509 3522 613 3595 dolor
631 3522 787 3595 ultimus

143 3666 277 3748 Nobis,
298 3665 475 3737 latesces:
504 3663 637 3757 plenus
653 3662 856 3735 honoribus

242 3807 341 3890 Rex,
362 3807 496 3898 plenus
513 3806 644 3878 annis!
674 3803 728 3877 Ut
746 3804 870 3877 ruinas

291 3946 414 4021 Gallia
433 3970 520 4018 cum
538 3946 650 4020 sociis
669 3947 809 4030 inanes,
