2670 4836
144 497 217 576 276
423 519 557 576 unse
588 516 880 576 cannenses.

494 810 636 853 PHAEDRA
660 811 841 857 laqulTUR·
865 845 867 847 ,

147 924 275 980 maloin.

530 1113 774 1124 ——o-——e-—n--n

150 1268 346 1363 Uariana,
365 1284 404 1342 et
424 1284 586 1344 mentem
604 1272 727 1344 scelus
746 1284 859 1366 atque
879 1269 1181 1352 inmolaverunt,

110 1432 113 1437 ·
199 1410 362 1497 Urimur,
381 1429 418 1483 et
436 1412 537 1507 qnod
557 1436 639 1483 amo
660 1412 781 1484 dicere
801 1410 928 1508 lingua
946 1410 1092 1505 nequit.

152 1552 228 1626 ch
247 1567 283 1624 et
302 1576 403 1623 amor
419 1553 525 1646 rapit,
541 1566 579 1622 et
597 1551 700 1624 furiis
718 1553 852 1648 agitata
872 1550 1014 1635 libido;

204 1692 278 1765 lllc
299 1691 508 1763 matronalis
525 1693 676 1764 conseia
694 1692 804 1764 corda
821 1693 953 1785 pudor.

152 1835 196 1907 ln
218 1859 276 1906 me
294 1835 466 1907 demittat
483 1860 551 1906 sua
569 1835 722 1906 numina
740 1836 903 1931 quisque
923 1834 1104 1922 Deorum,
1163 1846 1181 1904 5

202 1973 351 2048 Cuncta
368 1975 491 2061 seram,
511 1972 575 2046 sed
592 1999 659 2047 vos
678 1972 730 2049 Dl
750 1974 942 2071 prohibete
960 1979 1087 2051 nefas!

150 2118 273 2194 Omne
291 2134 412 2192 tamen
432 2117 575 2191 soedum
593 2119 802 2224 cumulavit
821 2133 944 2192 nostra
962 2120 1102 2205 libido;

198 2262 397 2336 Brutorum
419 2262 515 2334 hand
536 2260 619 2334 talis
637 2252 750 2335 corda
765 2260 963 2367 momordit
980 2286 1095 2334 amor.

150 2405 232 2480 Nec
251 2403 447 2478 Saturnius
467 2404 548 2475 haec
566 2403 686 2475 oculis
705 2417 809 2498 pater
826 2404 960 2499 aspicit
977 2405 1112 2499 aequis,

201 2550 374 2629 Pronuba
391 2576 458 2624 nec
477 2551 499 2623 J
505 2577 592 2637 uno,
613 2578 681 2626 nec
700 2554 861 2627 violatus
881 2553 1050 2652 Hymen.
1145 2558 1178 2625 10

153 2691 1181 2793 Quandoegote,Juvenis,plusqu'amplamateramavt

205 2841 252 2914 Et
271 2840 351 2927 tibi,
370 2839 472 2934 quod
492 2853 578 2912 nato
599 2865 672 2912 non
690 2841 798 2913 decet
816 2866 909 2928 esse,
929 2842 996 2914 sui.

153 2982 212 3067 lte
229 2982 358 3079 procul
378 2982 473 3055 male
492 2996 600 3077 pecta
617 2981 709 3056 fides
728 2984 927 3077 tristesque
951 2980 1162 3078 Hymenaei,

201 3123 378 3220 Tedaque
396 3122 467 3196 sub
484 3137 629 3196 nostros
646 3126 790 3222 dignior
807 3125 858 3198 ire
875 3148 998 3222 rogos.

153 3268 340 3362 Deprecor
356 3264 425 3337 hoc
442 3288 574 3347 unum,
588 3265 718 3359 culpas
737 3265 846 3339 modo
861 3266 1033 3339 terminet
1048 3263 1183 3342 Orcust

158 3430 160 3435 '
200 3410 362 3488 Conscia
379 3432 453 3480 uon
473 3430 601 3501 poenas
619 3430 724 3479 mens
742 3407 831 3478 satis
851 3433 925 3479 una
942 3406 1045 3481 tuit?
1150 3401 1184 3478 16

152 3558 207 3632 At
226 3571 280 3641 tu,
300 3578 381 3627 care
397 3577 500 3648 puer,
519 3550 735 3625 melioribus
753 3564 856 3623 utere
874 3551 969 3632 latis,

201 3698 327 3792 Quem
348 3698 453 3769 timet
473 3695 601 3768 infelix
621 3696 741 3767 dicere
763 3693 917 3766 Phaedra
936 3716 1064 3766 suum.

151 3844 250 3938 Ipsa,
271 3854 378 3910 tunm
399 3837 549 3931 quoties
568 3858 701 3908 nomen
721 3850 857 3906 moesto
875 3834 1018 3905 excidit
1037 3858 1113 3921 ore,

200 3982 400 4080 Flagitium
420 3979 547 4052 videor
565 4001 850 4051 commemorare
868 4000 1007 4050 meum.
1151 3984 1196 4051 20
