2670 4836
455 518 586 576 unsa,
619 519 907 579 naonnnsns.
1105 499 1172 566 ¹⁶5

482 816 658 861 tuttunl'ru
676 818 843 862 LOCORUM.

151 962 233 1034 llgle.
808 943 814 957 ’
1016 982 1044 1017 Δ.
1057 979 1083 1021 n.
1098 971 1176 1033 17⁵6.

149 1274 277 1362 Inruit
300 1287 556 1386 Hyperboreas
574 1290 679 1361 sedes
694 1303 877 1384 terrasque
896 1287 1126 1375 Britanntlm,

190 1429 279 1520 Qua
298 1430 362 1501 vix
382 1429 560 1524 prompsit
578 1429 699 1501 adhuc
718 1453 796 1502 sera
814 1428 945 1501 Thalia
963 1430 1091 1515 melos,

147 1568 224 1645 Cur
236 1570 374 1661 jubeor
393 1569 521 1643 Musae
538 1571 739 1668 peregrinae
759 1583 873 1643 tortor
888 1571 1039 1665 ineptus

193 1708 335 1783 Italicis
353 1710 486 1784 frustra
502 1711 708 1806 desipuisse
726 1711 873 1786 modis?

145 1848 299 1944 Aspice,
320 1863 362 1921 ut
379 1851 506 1924 invitis
523 1865 694 1924 oneretur
711 1850 893 1924 fructibus
910 1850 1026 1939 arbos,
1156 1864 1177 1928 5

195 1991 354 2066 Radices
373 1993 523 2065 mutilas
541 2006 673 2088 questa
692 1994 897 2086 polumque
915 2018 1054 2067 novum
1071 2025 1079 2080 ;

142 2130 269 2223 Quam
288 2130 378 2204 dura
395 2132 565 2226 agricolae
584 2156 715 2203 manus
734 2132 768 2202 in
788 2157 854 2203 sua
875 2134 1061 2206 transtulit
1078 2153 1182 2208 arva:

194 2271 249 2345 Ut
266 2273 395 2365 procul
414 2297 434 2342 a
453 2272 567 2366 patris
586 2282 743 2342 marceat
761 2273 852 2342 exul
872 2272 1010 2347 humo!

145 2412 341 2499 Versibus,
360 2439 418 2501 en,
439 2417 572 2488 nostris
590 2417 644 2486 sic
665 2413 778 2485 Musa
797 2417 946 2487 exotica
967 2417 1117 2515 languet
1133 2450 1142 2503 ;

200 2555 289 2628 Heu
309 2563 316 2628 l
346 2581 421 2628 non
440 2557 624 2654 Angliaco
641 2557 817 2629 convenit
835 2557 898 2629 illa
915 2560 1008 2634 solo.
1140 2571 1183 2636 10

145 2694 353 2770 Fortunate
373 2721 474 2788 puer,
493 2696 557 2790 qui
579 2697 684 2768 litora
702 2721 801 2768 sacra
819 2720 987 2789 pererras,

200 2837 249 2910 Et
268 2838 348 2910 loca
365 2835 485 2910 Pierio
500 2861 573 2909 non
593 2838 711 2910 aliena
728 2838 842 2911 choro
859 2870 867 2922 ;

149 2977 242 3068 Qua
255 2980 376 3071 serpit·
388 2978 556 3072 placidus
574 2990 721 3048 cantato
743 2977 910 3049 Mincius
928 3003 1046 3063 amne,

203 3116 252 3189 Et
270 3116 414 3190 Tiberis
432 3118 549 3189 volvit
567 3117 783 3189 nobilitatus
802 3140 927 3211 aquas.

151 3254 233 3330 ch
253 3257 351 3329 ultro
369 3258 548 3352 inspirant
566 3282 648 3331 rura
667 3259 743 3352 ipsa
763 3259 908 3351 poetica
925 3271 1069 3343 rantuS,
1149 3272 1189 3333 15

208 3397 398 3493 Musaque
416 3400 477 3470 ‹lat
496 3398 621 3470 faciles
640 3423 712 3472 non
733 3425 882 3494 operosa
901 3401 1041 3473 modos.

154 3537 246 3628 Qua
260 3508 353 3633 juga
371 3563 445 3610 non
463 3539 533 3631 ipsi
554 3538 690 3610 tollunt
707 3542 855 3636 ingloria
875 3558 1017 3613 montes
1034 3573 1042 3626 ;

208 3679 291 3753 Nec
309 3681 389 3752 sine
411 3680 479 3753 Dls
497 3682 628 3767 fontes,
648 3705 715 3751 nec
735 3681 814 3751 sine
834 3703 916 3754 vate
938 3707 1079 3756 uentus.

157 3821 206 3893 ln
225 3846 418 3895 numerum
439 3823 582 3915 liquido
602 3824 717 3915 trepirl
733 3837 757 3892 rt
779 3825 904 3894 rnorlnl
919 3828 1027 3896 mnne
1046 3826 1158 3911 rivus,

211 3961 356 4038 Asserit
372 3977 409 4036 et
429 3964 556 4037 laudes
575 3966 656 4037 sons
676 3986 814 4038 mernor
834 3989 955 4060 nsque
972 3990 1069 4037 suas.
1146 3973 1194 4037 20
