<?xml version="1.0" encoding="UTF-8"?>
<!DOCTYPE html PUBLIC "-//W3C//DTD XHTML 1.0 Transitional//EN"
    "http://www.w3.org/TR/xhtml1/DTD/xhtml1-transitional.dtd">
<html xmlns="http://www.w3.org/1999/xhtml" xml:lang="en" lang="en">
 <head>
  <title>
</title>
<meta http-equiv="Content-Type" content="text/html;charset=utf-8" />
  <meta name='ocr-system' content='tesseract 3.04.00' />
  <meta name='ocr-capabilities' content='ocr_page ocr_carea ocr_par ocr_line ocrx_word'/>
</head>
<body>
  <div class='ocr_page' id='page_1' title='image "./musetonensesseu00unkngoog_0179.png"; bbox 0 0 2670 4836; ppageno 0'>
   <div class='ocr_carea' id='block_1_1' title="bbox 155 528 897 600">
    <p class='ocr_par' dir='ltr' id='par_1_1' title="bbox 155 528 897 600">
     <span class='ocr_line' id='line_1_1' title="bbox 155 528 897 600; baseline -0.009 0"><span class='ocrx_word' id='word_1_1' title='bbox 155 528 224 600; x_wconf 76' lang='lat'>160</span> <span class='ocrx_word' id='word_1_2' title='bbox 445 533 577 592; x_wconf 74' lang='lat' dir='ltr'>unsa</span> <span class='ocrx_word' id='word_1_3' title='bbox 608 534 897 595; x_wconf 76' lang='lat' dir='ltr'>snoususns.</span> 
     </span>
    </p>
   </div>
   <div class='ocr_carea' id='block_1_2' title="bbox 150 702 869 1510">
    <p class='ocr_par' dir='ltr' id='par_1_2' title="bbox 152 702 761 800">
     <span class='ocr_line' id='line_1_2' title="bbox 152 702 761 800; baseline 0.01 -25"><span class='ocrx_word' id='word_1_4' title='bbox 152 702 210 776; x_wconf 91' lang='lat' dir='ltr'>Tn</span> <span class='ocrx_word' id='word_1_5' title='bbox 230 703 348 775; x_wconf 86' lang='lat' dir='ltr'>levem</span> <span class='ocrx_word' id='word_1_6' title='bbox 369 703 458 776; x_wconf 87' lang='lat' dir='ltr'>fletu</span> <span class='ocrx_word' id='word_1_7' title='bbox 480 707 583 800; x_wconf 91' lang='lat' dir='ltr'>pueri</span> <span class='ocrx_word' id='word_1_8' title='bbox 601 706 761 781; x_wconf 82' lang='lat' dir='ltr'>favillam</span> 
     </span>
    </p>

    <p class='ocr_par' dir='ltr' id='par_1_3' title="bbox 152 838 860 944">
     <span class='ocr_line' id='line_1_3' title="bbox 152 838 860 944; baseline 0.001 -24"><span class='ocrx_word' id='word_1_9' title='bbox 152 846 307 944; x_wconf 81' lang='lat' dir='ltr'>Spargis,</span> <span class='ocrx_word' id='word_1_10' title='bbox 327 846 462 918; x_wconf 88' lang='lat' dir='ltr'>affixus</span> <span class='ocrx_word' id='word_1_11' title='bbox 481 846 652 931; x_wconf 85' lang='lat' dir='ltr'>tumulo;</span> <span class='ocrx_word' id='word_1_12' title='bbox 680 838 860 944; x_wconf 83' lang='lat' dir='ltr'>Deosque</span> 
     </span>
    </p>

    <p class='ocr_par' dir='ltr' id='par_1_4' title="bbox 151 984 807 1203">
     <span class='ocr_line' id='line_1_4' title="bbox 151 984 807 1082; baseline 0.002 -24"><span class='ocrx_word' id='word_1_13' title='bbox 151 984 283 1060; x_wconf 88' lang='lat' dir='ltr'>Tristis</span> <span class='ocrx_word' id='word_1_14' title='bbox 302 988 460 1073; x_wconf 84' lang='lat' dir='ltr'>incusas,</span> <span class='ocrx_word' id='word_1_15' title='bbox 480 1004 591 1082; x_wconf 88' lang='lat' dir='ltr'>pater,</span> <span class='ocrx_word' id='word_1_16' title='bbox 610 1003 647 1061; x_wconf 92' lang='lat' dir='ltr'>et</span> <span class='ocrx_word' id='word_1_17' title='bbox 666 988 807 1062; x_wconf 84' lang='lat' dir='ltr'>recludi</span> 
     </span>
     <span class='ocr_line' id='line_1_5' title="bbox 494 1129 733 1203; baseline 0.013 -3"><span class='ocrx_word' id='word_1_18' title='bbox 494 1129 632 1202; x_wconf 87' lang='lat' dir='ltr'>Nescia</span> <span class='ocrx_word' id='word_1_19' title='bbox 649 1133 733 1203; x_wconf 85' lang='lat' dir='ltr'>fata.</span> 
     </span>
    </p>

    <p class='ocr_par' dir='ltr' id='par_1_5' title="bbox 150 1271 869 1367">
     <span class='ocr_line' id='line_1_6' title="bbox 150 1271 869 1367; baseline -0.006 -20"><span class='ocrx_word' id='word_1_20' title='bbox 150 1274 254 1365; x_wconf 85' lang='lat' dir='ltr'>Quid</span> <span class='ocrx_word' id='word_1_21' title='bbox 269 1274 377 1366; x_wconf 86' lang='lat' dir='ltr'>juvat</span> <span class='ocrx_word' id='word_1_22' title='bbox 397 1274 509 1367; x_wconf 89' lang='lat' dir='ltr'>pictae</span> <span class='ocrx_word' id='word_1_23' title='bbox 530 1273 703 1346; x_wconf 87' lang='lat' dir='ltr'>miserum</span> <span class='ocrx_word' id='word_1_24' title='bbox 724 1271 869 1345; x_wconf 76' lang='lat' dir='ltr'>tabellae</span> 
     </span>
    </p>

    <p class='ocr_par' dir='ltr' id='par_1_6' title="bbox 150 1416 838 1510">
     <span class='ocr_line' id='line_1_7' title="bbox 150 1416 838 1510; baseline -0.006 -19"><span class='ocrx_word' id='word_1_25' title='bbox 150 1416 314 1502; x_wconf 86' lang='lat' dir='ltr'>immori,</span> <span class='ocrx_word' id='word_1_26' title='bbox 329 1417 554 1510; x_wconf 83' lang='lat' dir='ltr'>attentisque</span> <span class='ocrx_word' id='word_1_27' title='bbox 572 1417 693 1489; x_wconf 84' lang='lat' dir='ltr'>oculis</span> <span class='ocrx_word' id='word_1_28' title='bbox 712 1432 838 1489; x_wconf 87' lang='lat' dir='ltr'>notare</span> 
     </span>
    </p>
   </div>
   <div class='ocr_carea' id='block_1_3' title="bbox 149 1552 918 1787">
    <p class='ocr_par' dir='ltr' id='par_1_7' title="bbox 149 1552 918 1787">
     <span class='ocr_line' id='line_1_8' title="bbox 149 1552 918 1648; baseline -0.007 -18"><span class='ocrx_word' id='word_1_29' title='bbox 149 1554 345 1630; x_wconf 88' lang='lat' dir='ltr'>Membra?</span> <span class='ocrx_word' id='word_1_30' title='bbox 372 1558 426 1628; x_wconf 86' lang='lat' dir='ltr'>sic</span> <span class='ocrx_word' id='word_1_31' title='bbox 444 1553 574 1642; x_wconf 84' lang='lat' dir='ltr'>stabat,</span> <span class='ocrx_word' id='word_1_32' title='bbox 593 1557 652 1648; x_wconf 88' lang='lat' dir='ltr'>pia</span> <span class='ocrx_word' id='word_1_33' title='bbox 670 1556 722 1626; x_wconf 94' lang='lat' dir='ltr'>sic</span> <span class='ocrx_word' id='word_1_34' title='bbox 740 1552 918 1631; x_wconf 81' lang='lat' dir='ltr'>rubebant</span> 
     </span>
     <span class='ocr_line' id='line_1_9' title="bbox 491 1692 788 1787; baseline 0 -22"><span class='ocrx_word' id='word_1_35' title='bbox 491 1692 590 1778; x_wconf 89' lang='lat' dir='ltr'>Ora;</span> <span class='ocrx_word' id='word_1_36' title='bbox 619 1708 788 1787; x_wconf 85' lang='lat' dir='ltr'>paternos</span> 
     </span>
    </p>
   </div>
   <div class='ocr_carea' id='block_1_4' title="bbox 146 1834 858 2627">
    <p class='ocr_par' dir='ltr' id='par_1_8' title="bbox 146 1834 858 2627">
     <span class='ocr_line' id='line_1_10' title="bbox 147 1834 805 1930; baseline -0.006 -19"><span class='ocrx_word' id='word_1_37' title='bbox 147 1835 208 1911; x_wconf 91' lang='lat' dir='ltr'>Sic</span> <span class='ocrx_word' id='word_1_38' title='bbox 228 1837 263 1908; x_wconf 92' lang='lat' dir='ltr'>in</span> <span class='ocrx_word' id='word_1_39' title='bbox 283 1837 478 1930; x_wconf 86' lang='lat' dir='ltr'>amplexus</span> <span class='ocrx_word' id='word_1_40' title='bbox 496 1834 632 1929; x_wconf 71' lang='lat' dir='ltr'>cupidb</span> <span class='ocrx_word' id='word_1_41' title='bbox 651 1834 780 1907; x_wconf 89' lang='lat' dir='ltr'>ruebat</span> <span class='ocrx_word' id='word_1_42' title='bbox 796 1864 805 1920; x_wconf 89' lang='lat'><strong>;</strong></span> 
     </span>
     <span class='ocr_line' id='line_1_11' title="bbox 148 1975 740 2051; baseline -0.005 0"><span class='ocrx_word' id='word_1_43' title='bbox 148 1975 257 2051; x_wconf 86' lang='lat' dir='ltr'>Prata</span> <span class='ocrx_word' id='word_1_44' title='bbox 274 2002 340 2050; x_wconf 88' lang='lat' dir='ltr'>cur</span> <span class='ocrx_word' id='word_1_45' title='bbox 358 1979 432 2049; x_wconf 90' lang='lat' dir='ltr'>nati</span> <span class='ocrx_word' id='word_1_46' title='bbox 451 1976 634 2049; x_wconf 86' lang='lat' dir='ltr'>celebrata</span> <span class='ocrx_word' id='word_1_47' title='bbox 650 1975 740 2048; x_wconf 93' lang='lat' dir='ltr'>ludo</span> 
     </span>
     <span class='ocr_line' id='line_1_12' title="bbox 148 2115 858 2210; baseline -0.004 -18"><span class='ocrx_word' id='word_1_48' title='bbox 148 2116 313 2210; x_wconf 86' lang='lat' dir='ltr'>Quaeris,</span> <span class='ocrx_word' id='word_1_49' title='bbox 339 2133 375 2191; x_wconf 88' lang='lat' dir='ltr'>et</span> <span class='ocrx_word' id='word_1_50' title='bbox 394 2119 529 2204; x_wconf 84' lang='lat' dir='ltr'>tristes,</span> <span class='ocrx_word' id='word_1_51' title='bbox 549 2117 610 2190; x_wconf 91' lang='lat' dir='ltr'>ubi</span> <span class='ocrx_word' id='word_1_52' title='bbox 630 2115 858 2200; x_wconf 85' lang='lat' dir='ltr'>considebat,</span> 
     </span>
     <span class='ocr_line' id='line_1_13' title="bbox 491 2259 839 2334; baseline 0 -1"><span class='ocrx_word' id='word_1_53' title='bbox 491 2259 643 2334; x_wconf 87' lang='lat' dir='ltr'>Arboris</span> <span class='ocrx_word' id='word_1_54' title='bbox 663 2259 839 2334; x_wconf 87' lang='lat' dir='ltr'>umbras?</span> 
     </span>
     <span class='ocr_line' id='line_1_14' title="bbox 147 2402 822 2496; baseline -0.007 -18"><span class='ocrx_word' id='word_1_55' title='bbox 147 2404 228 2493; x_wconf 87' lang='lat' dir='ltr'>Illa,</span> <span class='ocrx_word' id='word_1_56' title='bbox 247 2404 428 2477; x_wconf 85' lang='lat' dir='ltr'>brumales</span> <span class='ocrx_word' id='word_1_57' title='bbox 446 2403 558 2474; x_wconf 88' lang='lat' dir='ltr'>simul</span> <span class='ocrx_word' id='word_1_58' title='bbox 577 2402 699 2474; x_wconf 89' lang='lat' dir='ltr'>Eurus</span> <span class='ocrx_word' id='word_1_59' title='bbox 717 2418 822 2496; x_wconf 87' lang='lat' dir='ltr'>urget</span> 
     </span>
     <span class='ocr_line' id='line_1_15' title="bbox 146 2543 774 2627; baseline -0.011 -6"><span class='ocrx_word' id='word_1_60' title='bbox 146 2547 280 2622; x_wconf 84' lang='lat' dir='ltr'>Acrior</span> <span class='ocrx_word' id='word_1_61' title='bbox 297 2544 452 2627; x_wconf 88' lang='lat' dir='ltr'>nimbos,</span> <span class='ocrx_word' id='word_1_62' title='bbox 472 2543 605 2614; x_wconf 91' lang='lat' dir='ltr'>viduos</span> <span class='ocrx_word' id='word_1_63' title='bbox 624 2543 774 2616; x_wconf 85' lang='lat' dir='ltr'>caducis</span> 
     </span>
    </p>
   </div>
   <div class='ocr_carea' id='block_1_5' title="bbox 146 2664 797 2779">
    <p class='ocr_par' dir='ltr' id='par_1_9' title="bbox 146 2664 797 2779">
     <span class='ocr_line' id='line_1_16' title="bbox 146 2664 797 2779; baseline -0.008 -18"><span class='ocrx_word' id='word_1_64' title='bbox 146 2685 317 2761; x_wconf 87' lang='lat' dir='ltr'>Floribus</span> <span class='ocrx_word' id='word_1_65' title='bbox 330 2664 450 2758; x_wconf 35' lang='lat' dir='ltr'>&#39;ramos</span> <span class='ocrx_word' id='word_1_66' title='bbox 469 2684 659 2779; x_wconf 83' lang='lat' dir='ltr'>capitique</span> <span class='ocrx_word' id='word_1_67' title='bbox 676 2697 797 2779; x_wconf 87' lang='lat' dir='ltr'>raptos</span> 
     </span>
    </p>
   </div>
   <div class='ocr_carea' id='block_1_6' title="bbox 142 2826 873 4058">
    <p class='ocr_par' dir='ltr' id='par_1_10' title="bbox 144 2826 866 3348">
     <span class='ocr_line' id='line_1_17' title="bbox 490 2826 809 2924; baseline 0.003 -25"><span class='ocrx_word' id='word_1_68' title='bbox 490 2826 612 2924; x_wconf 83' lang='lat' dir='ltr'>Luget</span> <span class='ocrx_word' id='word_1_69' title='bbox 630 2826 809 2912; x_wconf 89' lang='lat' dir='ltr'>honores;</span> 
     </span>
     <span class='ocr_line' id='line_1_18' title="bbox 146 2966 765 3041; baseline -0.003 0"><span class='ocrx_word' id='word_1_70' title='bbox 146 2966 241 3041; x_wconf 88' lang='lat' dir='ltr'>Mox</span> <span class='ocrx_word' id='word_1_71' title='bbox 261 2966 367 3039; x_wconf 88' lang='lat' dir='ltr'>novis</span> <span class='ocrx_word' id='word_1_72' title='bbox 385 2967 478 3039; x_wconf 90' lang='lat' dir='ltr'>ridet</span> <span class='ocrx_word' id='word_1_73' title='bbox 496 2967 594 3041; x_wconf 88' lang='lat' dir='ltr'>foliis</span> <span class='ocrx_word' id='word_1_74' title='bbox 612 2967 765 3040; x_wconf 86' lang='lat' dir='ltr'>decora:</span> 
     </span>
     <span class='ocr_line' id='line_1_19' title="bbox 144 3106 839 3203; baseline -0.003 -21"><span class='ocrx_word' id='word_1_75' title='bbox 144 3106 238 3195; x_wconf 90' lang='lat' dir='ltr'>Nos,</span> <span class='ocrx_word' id='word_1_76' title='bbox 258 3109 323 3182; x_wconf 87' lang='lat' dir='ltr'>viri</span> <span class='ocrx_word' id='word_1_77' title='bbox 342 3110 452 3182; x_wconf 89' lang='lat' dir='ltr'>fortes</span> <span class='ocrx_word' id='word_1_78' title='bbox 469 3109 687 3203; x_wconf 88' lang='lat' dir='ltr'>dominique</span> <span class='ocrx_word' id='word_1_79' title='bbox 706 3133 839 3194; x_wconf 91' lang='lat' dir='ltr'>rerum,</span> 
     </span>
     <span class='ocr_line' id='line_1_20' title="bbox 144 3248 866 3348; baseline 0 -24"><span class='ocrx_word' id='word_1_80' title='bbox 144 3248 222 3342; x_wconf 86' lang='lat' dir='ltr'>Qui</span> <span class='ocrx_word' id='word_1_81' title='bbox 240 3274 364 3348; x_wconf 86' lang='lat' dir='ltr'>graves</span> <span class='ocrx_word' id='word_1_82' title='bbox 382 3250 500 3348; x_wconf 84' lang='lat' dir='ltr'>magni</span> <span class='ocrx_word' id='word_1_83' title='bbox 515 3249 725 3339; x_wconf 86' lang='lat' dir='ltr'>jaculamur</span> <span class='ocrx_word' id='word_1_84' title='bbox 741 3274 866 3337; x_wconf 92' lang='lat' dir='ltr'>ausus,</span> 
     </span>
    </p>

    <p class='ocr_par' dir='ltr' id='par_1_11' title="bbox 142 3390 873 3915">
     <span class='ocr_line' id='line_1_21' title="bbox 488 3390 805 3466; baseline 0.013 -4"><span class='ocrx_word' id='word_1_85' title='bbox 488 3390 569 3463; x_wconf 93' lang='lat' dir='ltr'>Nos</span> <span class='ocrx_word' id='word_1_86' title='bbox 586 3392 698 3464; x_wconf 86' lang='lat' dir='ltr'>simul</span> <span class='ocrx_word' id='word_1_87' title='bbox 716 3405 805 3466; x_wconf 83' lang='lat' dir='ltr'>atrae</span> 
     </span>
     <span class='ocr_line' id='line_1_22' title="bbox 146 3532 754 3617; baseline -0.002 -10"><span class='ocrx_word' id='word_1_88' title='bbox 146 3532 313 3608; x_wconf 88' lang='lat' dir='ltr'>Percutit</span> <span class='ocrx_word' id='word_1_89' title='bbox 330 3533 394 3605; x_wconf 90' lang='lat' dir='ltr'>leti</span> <span class='ocrx_word' id='word_1_90' title='bbox 412 3557 554 3617; x_wconf 89' lang='lat' dir='ltr'>manus,</span> <span class='ocrx_word' id='word_1_91' title='bbox 574 3533 610 3603; x_wconf 90' lang='lat' dir='ltr'>in</span> <span class='ocrx_word' id='word_1_92' title='bbox 630 3534 754 3606; x_wconf 86' lang='lat' dir='ltr'>silenti</span> 
     </span>
     <span class='ocr_line' id='line_1_23' title="bbox 143 3673 873 3773; baseline 0 -23"><span class='ocrx_word' id='word_1_93' title='bbox 143 3673 351 3750; x_wconf 88' lang='lat' dir='ltr'>Condimur</span> <span class='ocrx_word' id='word_1_94' title='bbox 369 3689 474 3748; x_wconf 86' lang='lat' dir='ltr'>terrae</span> <span class='ocrx_word' id='word_1_95' title='bbox 491 3675 629 3773; x_wconf 87' lang='lat' dir='ltr'>gremio</span> <span class='ocrx_word' id='word_1_96' title='bbox 645 3703 655 3760; x_wconf 90' lang='lat'><strong>;</strong></span> <span class='ocrx_word' id='word_1_97' title='bbox 682 3688 720 3747; x_wconf 91' lang='lat' dir='ltr'>et</span> <span class='ocrx_word' id='word_1_98' title='bbox 735 3678 873 3750; x_wconf 84' lang='lat' dir='ltr'>renasci</span> 
     </span>
     <span class='ocr_line' id='line_1_24' title="bbox 142 3817 868 3915; baseline 0 -23"><span class='ocrx_word' id='word_1_99' title='bbox 142 3817 301 3895; x_wconf 85' lang='lat' dir='ltr'>Nescius</span> <span class='ocrx_word' id='word_1_100' title='bbox 318 3841 469 3892; x_wconf 84' lang='lat' dir='ltr'>somnus</span> <span class='ocrx_word' id='word_1_101' title='bbox 487 3817 598 3890; x_wconf 87' lang='lat' dir='ltr'>simul</span> <span class='ocrx_word' id='word_1_102' title='bbox 618 3830 724 3914; x_wconf 86' lang='lat' dir='ltr'>urget</span> <span class='ocrx_word' id='word_1_103' title='bbox 741 3818 868 3915; x_wconf 82' lang='lat' dir='ltr'>ingens</span> 
     </span>
    </p>

    <p class='ocr_par' dir='ltr' id='par_1_12' title="bbox 485 3959 778 4058">
     <span class='ocr_line' id='line_1_25' title="bbox 485 3959 778 4058; baseline 0 -24"><span class='ocrx_word' id='word_1_104' title='bbox 485 3959 778 4058; x_wconf 87' lang='lat' dir='ltr'>Perpetuusque.</span> 
     </span>
    </p>
   </div>
   <div class='ocr_carea' id='block_1_7' title="bbox 0 0 1340 4836">
    <p class='ocr_par' dir='ltr' id='par_1_13' title="bbox 0 0 1340 4836">
     <span class='ocr_line' id='line_1_26' title="bbox 0 0 1340 4836; baseline 0 3"><span class='ocrx_word' id='word_1_105' title='bbox 0 0 1340 4836; x_wconf 95' lang='lat' dir='ltr'> </span> 
     </span>
    </p>
   </div>
  </div>
 </body>
</html>
