2670 4836
444 568 575 629 nnat
607 558 896 631 duodennes·
1116 558 1189 631 919

141 754 169 787 “
195 742 381 817 Protenus
397 757 436 819 et
452 745 569 821 subiit
584 744 761 847 regnandi
777 746 857 861 dira
872 744 1035 841 aupid03

155 966 159 971 ,
201 894 226 929 “
245 884 282 961 Ο
302 887 412 959 nimis
429 889 465 960 in
484 912 590 962 curas
606 912 688 961 area
705 888 779 961 iata
797 894 921 962 meas!

151 1039 175 1071 ‘⁶
195 1026 282 1101 Non
302 1026 395 1099 mihi
413 1042 501 1100 sunt
517 1039 616 1122 aptae
642 1027 793 1115 trabeae,
812 1050 880 1101 nec
897 1026 1056 1102 eburnea
1075 1029 1165 1103 sella
1181 1061 1190 1115 ;

202 1182 226 1215 “
247 1169 335 1242 Non
354 1136 572 1243 moderanda
591 1169 673 1243 mea
689 1170 787 1267 regia
802 1186 946 1265 sceptra
966 1194 1091 1255 manu,

156 1320 178 1355 “
196 1311 284 1385 Non
303 1324 392 1384 sunt
410 1326 497 1385 nota
514 1310 604 1384 mihi
625 1310 683 1385 vei
702 1312 804 1407 pacis
816 1312 913 1407 jura,
930 1312 989 1385 vei
1006 1336 1116 1397 anna,
1142 1324 1189 1389 25

203 1467 227 1500 “
246 1454 335 1528 Non
355 1455 478 1551 legum
494 1448 666 1552 'ambages
682 1428 942 1552 calliditasque
959 1454 1039 1531 fori,
1070 1476 1074 1483 ·

154 1606 178 1641 “
199 1594 266 1669 Me
284 1618 364 1668 mea
381 1576 570 1667 rusticitas
587 1594 664 1677 viad
681 1594 849 1669 traducet
867 1596 991 1682 inerti,

204 1749 228 1783 “
249 1737 297 1810 Et
311 1738 442 1809 doceat
459 1734 563 1808 cnltd
578 1758 746 1835 spargere
762 1722 889 1809 sannen
905 1728 1039 1811 'humoz

152 1886 178 1921 ‘⁴
198 1875 319 1963 Salve,
336 1875 469 1947 blanda
484 1874 603 1969 quies,
620 1866 858 1970 et'aimplicis
873 1876 950 1949 otia
967 1877 1085 1961 vitae,·

205 2025 229 2056 ‘⁴
249 2014 338 2104 Qud
359 2034 541 2087 noxeum
559 2022 693 2085 somno
706 2024 775 2096 est,
793 2013 1012 2086 etsineiite
1025 1988 1115 2091 dies.
1144 2025 1192 2092 30

153 2168 180 2204 “
200 2157 288 2250 Qud
303 2159 438 2229 satient
457 2150 615 2245 avidamj
631 2150 825 2229 fini'turite
842 2152 978 2244 labore

206 2315 230 2347 “
250 2301 350 2375 Cum
369 2300 469 2373 lardo
486 2298 592 2394 panis
610 2298 760 2375 mucida
775 2298 891 2373 inusta
903 2299 1043 2395 gulam.

150 2454 180 2488 “
199 2444 288 2516 Non
306 2442 401 2514 adsit
418 2441 600 2529 medicus,
617 2440 684 2536 qui
698 2434 802 2536 virgi
816 2439 954 2513 fereula
972 2454 1110 2538 tangat,

206 2596 230 2630 ‘⁸
253 2584 438 2680 (Fatidico
453 2581 612 2656 nimidm
630 2582 694 2657 cui
710 2580 900 2691 messenia
916 2582 1033 2680 salus)

152 2738 182 2775 “
202 2728 255 2803 Ut
272 2730 416 2803 doleam
435 2730 591 2802 intactas
609 2720 738 2809 subin
754 2734 951 2805 vanescere
968 2731 1104 2817 lances,
1147 2744 1194 2813 ³5

208 2884 231 2918 “
253 2872 299 2946 Et
315 2874 436 2946 sitiam
458 2873 495 2943 in
512 2872 645 2945 mediis
663 2868 845 2981 Tantalus
861 2870 953 2947 alten
970 2875 1090 2969 aquis.

151 3024 184 3061 “
202 3016 273 3091 Sed
293 3017 431 3112 patulae
452 3014 631 3088 recubans
648 2996 717 3111 fagi
735 3014 807 3089 sub
824 3016 950 3089 stende
969 3016 1170 3111 quiescam,

210 3168 233 3202 “
253 3160 473 3255 Despiciens
491 3156 658 3256 regnum,
676 3157 963 3254 despiciensque
979 3157 1155 3232 famem.”

149 3298 221 3373 Sic
238 3302 301 3390 ait,
320 3316 357 3372 et
376 3299 450 3371 fido
469 3299 532 3372 vix
552 3296 697 3371 herens
716 3297 867 3395 pinguia
887 3294 1001 3371 asello

210 3441 348 3514 Tendit
367 3442 455 3525 iter3
484 3439 602 3537 plagis
619 3454 775 3535 corpora·
786 3454 895 3513 tunsa
908 3436 1048 3511 dolent.
1153 3450 1198 3513 40

157 3580 313 3657 Clamor
330 3582 452 3655 adhuc
471 3581 631 3676 trepidas
649 3588 856 3653 ndeturnus
872 3574 1038 3650 verberat
1054 3594 1171 3663 aures,

215 3724 259 3797 Et
276 3741 376 3820 tergo
396 3721 548 3795 hostiles
565 3720 682 3794 credit
699 3718 989 3793 adessemanus.
