2670 4836
145 508 214 573 194
458 506 592 561 Mose
625 502 914 558 s'rorrrrrrsrrs.

276 774 401 816 errones
417 772 458 813 1-:x
474 769 652 813 soerrocrrs
668 769 769 811 more.
784 768 907 811 coros.
922 768 952 808 v.
972 751 1058 809 1099.

146 888 356 959 Chomberloyrre.
1030 904 1059 937 Α.
1069 900 1095 937 n.
1112 890 1193 941 1²58.

565 1072 801 1111 π

147 1230 183 1305 Ο
204 1255 240 1303 sr
263 1231 428 1303 secundo
449 1256 509 1325 per
528 1232 713 1327 liquidum
733 1231 872 1303 aetlrera

148 1376 256 1448 Feror
274 1376 397 1447 volatu
421 1376 509 1448 litus
528 1378 571 1449 ad
590 1374 775 1460 Atticum,

247 1515 336 1607 Quo
357 1516 487 1587 Martis
505 1530 635 1588 aeratas
652 1531 815 1587 catervas

300 1656 362 1729 Ad
379 1657 542 1728 celebres
561 1655 792 1728 Marathonis
810 1678 891 1727 oras

151 1804 264 1877 Cient
282 1826 448 1874 sorores:
476 1816 541 1875 aut
560 1801 623 1873 ubi
641 1801 812 1896 mysticae

149 1949 254 2025 Colit
272 1950 441 2023 sacerdos
463 1946 715 2042 Persephones
732 1973 846 2033 sacra,

250 2090 338 2163 Non
358 2090 470 2184 impie
490 2090 673 2185 vulganda
691 2114 793 2172 voce,

299 2231 370 2304 Sed
392 2231 512 2303 tacitis
529 2230 745 2302 celebranda
763 2230 880 2301 tedis!

154 2376 228 2450 Hre
249 2376 448 2447 bellicosus
468 2399 530 2467 per
543 2374 635 2469 juga
657 2373 841 2445 montium

153 2520 213 2592 Ao
234 2541 331 2590 arma
349 2516 518 2587 Theseus
536 2517 654 2601 irruit,
671 2516 786 2610 impio

252 2657 341 2749 Qus
356 2682 439 2755 rege
453 2656 609 2749 direptoe
626 2680 768 2730 sorores

300 2799 384 2873 Jam
404 2800 587 2893 trepidant
607 2824 670 2894 per
687 2814 797 2873 acuta
815 2800 915 2874 beni.

154 2944 236 3017 Ant
256 2945 291 3015 in
314 2943 453 3016 nivosis
474 2940 615 3037 AEgalei
629 2941 746 3037 jugis,

155 3086 243 3178 Qus
261 3087 409 3181 pascuis
427 3084 583 3157 fecunda
602 3082 760 3158 Decelio

253 3226 427 3312 Virescir,
446 3224 576 3297 effusis
590 3224 772 3317 juventus

302 3368 435 3442 Fervet
452 3366 560 3461 equis
580 3367 800 3462 volucrique
819 3392 943 3441 curru.

155 3506 239 3580 Jam
253 3508 330 3599 jam
351 3507 483 3580 minaci
505 3506 639 3580 flebilis
659 3507 798 3606 ingruit

158 3650 329 3723 Clamore
350 3650 524 3724 Mavors:
555 3650 684 3723 Attica
697 3651 775 3741 jam
794 3652 927 3724 cohors

258 3790 343 3861 Non
364 3790 504 3883 impetu
526 3791 596 3864 leni
615 3794 831 3865 frementem

307 3928 419 4027 Urget
437 3954 579 4026 equum
596 3935 737 4008 medios
757 3959 819 4031 per
838 3936 974 4009 hostes.
