2678 4830
252 850 526 894 munissent&
621 864 635 893 ¹,
770 856 919 895 ti5.l'‘al··'
954 832 1113 901 rt.r=r!·.'‘3'

145 965 236 1039 Gattp.

146 1247 338 1325 lutense
360 1250 443 1325 Atri
485 1284 503 1309 ···
555 1254 558 1259 '
647 1250 1121 1347 iniri-neuenirecetclua

196 1391 365 1464 Fatidico
382 1393 446 1465 ins<
462 1420 558 1463 ·.'·:··.·.=:
578 1402 722 1465 riiaurar
737 1418 800 1466 ore
823 1396 952 1465 ljeun.

146 1529 508 1605 Utstetitante···.·
604 1558 644 1603 :tt
749 1558 794 1601 uu
817 1533 951 1604 irtufae

200 1672 348 1745 Retulit
366 1673 433 1745 hos
450 1672 613 1768 supplex
634 1671 826 1770 Iphigenia
842 1694 968 1746 sonos.
1081 1704 1085 1709 ·

149 1825 171 1856 “
194 1813 280 1886 Hoc
298 1814 382 1897 fuit,
400 1811 438 1886 O
456 1815 612 1910 genitor,
631 1811 734 1909 quod
751 1813 988 1887 connubialia
1002 1815 1087 1906 jura
1165 1826 1187 1884 ό

200 1966 226 2000 “
244 1956 412 2030 AEacidae
432 1975 592 2050 peterem
613 1959 737 2030 matris
754 1958 924 2052 adempta
941 1958 1024 2030 sinu
1044 1958 1058 2030 ?

150 2105 174 2138 “
195 2095 248 2168 En
269 2121 336 2192 ego
354 2120 442 2191 quae
460 2120 579 2191 nuper
596 2098 779 2194 sponsalia
798 2122 900 2170 sacra
918 2097 1096 2170 vovebam

154 2389 177 2422 “
197 2380 322 2472 Quam
342 2379 437 2452 male
452 2381 671 2478 conjugium
690 2381 855 2454 funebris
872 2404 1007 2477 pompa
1026 2379 1192 2453 decebit!

204 2536 227 2568 ‘⁸
247 2523 356 2596 Sacra
375 2523 557 2596 maritales
576 2524 688 2618 quam
708 2525 803 2597 male
821 2525 914 2597 vitta
930 2530 1076 2598 comas!
1153 2533 1194 2596 10

156 2663 1195 2762 “Quidmetui,utcommissaluammagis'omnibusuna,

206 2817 229 2850 “
250 2806 298 2878 Et
316 2805 478 2899 patrium
495 2806 674 2879 exolvent
691 2808 819 2881 funera
837 2821 960 2882 nostra
978 2807 1133 2881 scelus?

158 2958 181 2993 “
201 2948 290 3019 Non
309 2970 377 3042 ego
398 2944 533 3019 Dianae
554 2944 690 3019 violavi
707 2947 861 3020 crimine
878 2972 1030 3037 numen,

137 3139 141 3145 ·
209 3097 232 3132 ‘⁸
252 3086 335 3159 Nec
351 3086 489 3158 cecidit
507 3106 619 3158 cornu
640 3086 766 3166 saucia
783 3110 1002 3161 certamen.
1091 3108 1094 3113 ·

161 3238 184 3270 ‘⁴
205 3227 311 3319 Quid
331 3227 422 3298 mihi
441 3227 472 3298 si
492 3225 603 3299 sociis
623 3224 805 3299 haerentes
825 3225 964 3300 Aulide
982 3228 1114 3302 turmis
1157 3239 1199 3302 15

212 3377 235 3410 “
255 3368 344 3439 Non
365 3367 453 3439 licet
471 3367 590 3439 inciso
609 3366 750 3439 solvere
768 3368 857 3440 fune
874 3369 995 3443 rates?
1029 3422 1033 3435 .

164 3523 186 3553 “
207 3507 307 3599 Quis
325 3507 408 3594 scit,
427 3531 472 3579 an
491 3520 660 3579 avertens
678 3521 833 3582 ventura
850 3508 1011 3604 pericula
1030 3509 1116 3582 belli

215 3662 238 3694 “
258 3648 488 3745 Grajugenas
505 3644 656 3738 Trojam
675 3669 746 3720 nou
766 3647 857 3720 sinit
875 3649 925 3720 ire
943 3647 1078 3724 Deus?

167 3805 190 3836 ‘⁶
210 3791 294 3876 Ast,
313 3814 382 3888 ego
400 3791 429 3862 si
450 3789 593 3873 moriar,
613 3789 739 3861 reseret
759 3787 956 3862 Menelaus
970 3756 1167 3874 amantem,

217 3943 240 3974 “
263 3929 309 4003 Et
329 3927 463 4002 Priami
485 3926 625 4026 Argivo
642 3928 816 4003 concidet
834 3929 919 4027 igne
934 3931 1082 4006 domus.
1158 3940 1206 4006 20
