2670 4836
142 569 189 631 89
449 563 583 621 MUSAE
615 559 906 619 ETONENSES.

320 828 363 875 ΑΒ
386 828 515 872 lincunt
534 828 667 905 lllllssll
688 784 805 870 01¹1OE
825 822 994 884 nolimu.

147 950 289 1023 Thermon.
1022 956 1050 992 Δ.
1063 954 1091 993 n.
1106 942 1187 995 1162.

149 1302 369 1377 limium
392 1302 524 1375 Boreas
543 1280 665 1378 furens
683 1304 729 1377 ab
749 1294 866 1379 Arclo

148 1443 316 1518 Deducit
333 1444 452 1519 niveis
469 1440 604 1525 Jovem
623 1444 808 1540 procellis,

150 1586 198 1659 Et
215 1585 353 1659 flumen
371 1585 540 1680 rapidum
558 1585 643 1681 gelu
663 1586 841 1659 refrenat:

149 1725 207 1800 Tu
229 1742 350 1822 torpes
369 1727 512 1820 pariter,
529 1727 698 1822 sinisque
714 1727 881 1807 brumam

21 1926 24 1931 -
149 1868 268 1943 Totos
285 1868 427 1943 desidil
444 1869 553 1966 ligare
570 1893 715 1943 sensus.

150 2010 238 2085 Non
259 2024 294 2084 te
313 2009 497 2085 Castalios
510 2010 621 2101 juvat
638 2034 819 2097 recessus,
905 1998 909 2007 ’

151 2153 236 2227 Nec
255 2152 417 2241 Pindum
436 2176 619 2249 peragrare
635 2151 858 2271 fabulosuiii.

152 2294 243 2369 Non
262 2319 392 2369 vocem
410 2294 563 2369 citharae
582 2317 709 2367 moves
728 2290 885 2365 tacentis

152 2434 300 2508 Nervos
318 2433 455 2526 pollice
473 2447 679 2526 temperans
697 2455 863 2505 canoros.

154 2570 287 2644 Suavis
307 2569 534 2663 temporibus
552 2594 687 2642 corona
705 2585 854 2656 marcet,

156 2708 283 2801 Quam
301 2708 406 2781 lectis
428 2708 614 2783 Helicone
633 2710 747 2785 Musa
763 2713 869 2786 sertis

156 2850 339 2935 Texebat,
358 2850 486 2923 nitidis
503 2852 618 2925 decus
636 2854 795 2949 capillis.

157 2990 283 3065 Sumis
301 3015 529 3086 purpureum
548 2993 701 3091 scyphis
720 2992 894 3092 Lyaeum,

158 3134 207 3208 Et
225 3133 331 3206 ducis
349 3132 446 3207 facili
466 3156 597 3227 sopore
615 3134 729 3220 luces,

161 3274 316 3348 Oblitus
334 3273 468 3367 lepidae
481 3274 590 3364 jocos
608 3273 800 3349 Camenoe.

161 3414 200 3490 Si
221 3429 367 3512 tempus
387 3416 530 3510 placid&
549 3418 634 3489 teris
652 3420 792 3513 quiete,

162 3554 332 3630 Mentem
354 3556 496 3631 Pierius
514 3558 613 3630 calor
630 3558 826 3653 relinquet,

163 3694 212 3769 Et
232 3694 393 3768 Pindum
415 3697 565 3781 insolito
584 3711 688 3792 petes
707 3698 840 3789 labore.

162 3836 429 3935 Nequicquam
448 3840 625 3935 gladiator
642 3842 786 3915 otiosus

169 3980 354 4076 Amissam
373 4004 541 4054 revocare
560 3983 696 4087 quaerit
714 3998 837 4057 artem.
