2678 4830
381 554 400 577 ‘⁶
434 552 567 607 MUSAE
599 550 883 605 Hortenses.
1121 548 1191 611 llll}

418 782 694 841 annueramus,
717 792 827 843 nurci,

420 910 627 961 occasionum
652 910 695 950 nu
716 909 786 952 uta.

146 994 267 1066 Conway.
1039 1014 1064 1051 a.
1073 1012 1101 1048 u.
1116 978 1195 1051 rma.

146 1274 185 1346 Ο
205 1298 385 1357 nanuum
407 1276 630 1371 quicunque
648 1277 742 1373 regis
763 1275 869 1348 Deus
887 1275 998 1348 ardua
1018 1277 1107 1349 coeli

147 1417 261 1490 Astra
276 1417 410 1489 sedens
431 1418 662 1513 nebulasque
679 1441 803 1513 super,
820 1418 881 1489 cui
901 1441 988 1489 cura
1009 1419 1097 1503 diei,
1154 1442 1157 1447 ’
1179 1480 1186 1497 ,

148 1556 319 1631 Sternere
340 1559 402 1630 cui
424 1558 553 1653 pluvia
570 1575 684 1672 atque
703 1557 836 1630 effusis
854 1559 1033 1631 imbribus
1051 1585 1149 1645 arva,

151 1700 233 1773 Aut
252 1702 340 1774 coeli
360 1703 398 1773 in
418 1704 547 1776 faciem
566 1705 735 1801 gravidas
754 1703 931 1775 inducere
949 1703 1094 1788 nubes;

151 1843 228 1917 Cui
241 1845 412 1918 volucres
426 1863 551 1940 parent
563 1870 677 1931 aurae,
687 1866 800 1942 atque
815 1845 1044 1942 Hyperionis
1056 1862 1203 1935 astre‚5

150 1984 443 2080 Nocturnaeque
461 1987 563 2058 vices
583 1987 711 2068 lunae3
739 1985 802 2056 cui
823 1984 939 2057 tristis
957 1984 1091 2075 Orion,

151 2125 229 2201 Cui
246 2128 370 2220 pecori
392 2138 504 2199 notus
523 2141 561 2197 et
581 2124 807 2197 metuendus
826 2123 966 2194 vitibus
983 2139 1132 2199 auster:

151 2267 298 2341 Nubila
314 2268 460 2351 claude,
483 2266 604 2351 Pater,
624 2265 822 2360 pluviique
840 2264 1012 2361 repagula
1031 2266 1134 2353 coeli,

152 2409 301 2485 Claude
317 2410 432 2509 gravi,
456 2408 576 2501 Deus,
595 2407 833 2481 obluctantes
856 2408 1041 2501 compede
1058 2422 1204 2483 ventos.

154 2551 288 2625 Purior
304 2566 342 2623 et
360 2551 509 2646 placido
527 2550 697 2623 'l'itan-et
716 2518 840 2623 laetior
856 2574 919 2622 ure
969 2634 977 2651 ι
1161 2560 1207 2625 10

153 2695 183 2768 F
188 2695 334 2792 ulgeat;
361 2694 431 2769 alr!
466 2695 607 2792 pluviis
626 2688 733 2768 illum
755 2682 1008 2789 nec'aquosus
1025 2692 1145 2766 Orion

157 2833 319 2921 Polluar,
339 2848 405 2906 aut
422 2835 517 2905 fusis'
536 2833 736 2905 violentior
756 2832 936 2904 imbribus
955 2846 1092 2906 auster.

205 2973 357 3047 Scilicet
376 2973 483 3045 aeriis
501 2973 677 3068 quisquis
695 2973 808 3054 color,
827 2987 864 3043 et
882 2988 1015 3059 status,
1033 2986 1071 3043 et
1088 2973 1146 3043 vis

158 3111 371 3203 Particulis,
392 3115 474 3211 (seu
495 3112 609 3184 densa
628 3114 737 3197 levet,
757 3136 822 3183 seu
844 3113 970 3184 tenuia
988 3112 1137 3207 denset)
1164 3125 1206 3188 14

159 3254 228 3328 llla
246 3256 373 3328 eadem
394 3255 595 3329 humanam
616 3255 718 3349 parili
736 3254 829 3350 regit
847 3255 986 3348 impete
1003 3267 1180 3339 mentem,

156 3396 240 3470 Aut
258 3398 304 3470 ad
320 3396 478 3470 humum
499 3396 644 3493 premit,
660 3412 725 3469 aut
742 3397 897 3468 leviores
913 3397 1013 3469 tollit
1032 3397 1204 3472 inauras.

159 3538 324 3612 AEtberis
343 3539 429 3613 binc
449 3540 569 3612 varios
589 3538 811 3634 crebrosque
829 3539 1023 3633 sequentia
1042 3556 1168 3613 motus

159 3681 316 3756 Pectora
334 3696 527 3757 mutantur
543 3713 552 3768 ;
580 3684 690 3755 timor
708 3683 806 3767 hinc,
822 3695 859 3753 et
877 3650 1022 3755 luridus
1042 3682 1179 3771 horror,

158 3824 319 3920 lraeque,
338 3792 576 3920 insidiaeque,
595 3840 632 3897 et
651 3825 766 3897 noxia
784 3824 936 3897 crimina
954 3824 1069 3913 cordi,

133 4010 141 4021 ‚.
160 3962 265 4038 Hinc
284 3966 392 4055 risus,
409 3977 446 4037 et
463 3964 588 4040 mollis
606 3990 718 4051 amor,
736 3965 940 4061 facilesque
957 3964 1118 4038 choreae.
1156 3974 1206 4039 20
