2670 4836
161 520 232 587 938
457 523 591 580 MUSAE
620 521 909 583 moriautur.

443 788 574 869 Ἐζιλες
589 792 752 887 κεμάδεσσι
767 795 901 891 χαλινοί.

162 958 308 1027 Hurdiage.

160 1258 364 1335 Fauurua
386 1280 449 1352 per
464 1258 666 1330 constricta
683 1258 784 1355 gelu,
803 1259 1000 1355 alitusque
1017 1260 1156 1335 uiualea

158 1399 224 1475 Me
240 1400 368 1485 ducas,
388 1396 523 1486 Diana,
541 1396 618 1471 tuis
638 1397 700 1471 ubi
720 1396 816 1471 colla
831 1398 1002 1493 capistria

157 1540 276 1615 Dama
293 1540 410 1631 dedit,
430 1540 576 1615 levibus
592 1542 757 1637 gaudens
776 1564 899 1638 parere
916 1543 1068 1637 lupatis.

155 1683 212 1758 Te
228 1686 325 1759 duce
345 1684 572 1780 Rhiplraeam
588 1685 742 1783 glaciem
762 1684 976 1782 lluvioaque
993 1684 1134 1760 nivales

156 1827 251 1901 Arte
268 1827 376 1912 novt,
395 1841 435 1899 et
447 1827 592 1919 junctis
609 1848 723 1898 ausus
742 1849 949 1921 percurrere
964 1827 1096 1912 cervia,
1173 1842 1194 1903 5

156 1966 309 2041 Lustrat
322 1966 586 2065 Hyperboreos
600 1963 764 2060 plaustro
778 1984 894 2061 vagus
907 1966 1029 2042 incola
1041 1980 1195 2043 tractus.

153 2110 241 2185 Non
260 2122 383 2183 tamen
402 2110 468 2182 hat
485 2121 580 2182 artes
597 2107 716 2201 equiti
736 2107 810 2179 fera
825 2105 956 2181 bruma
975 2107 1159 2184 Britanno

153 2249 327 2337 Indulsit,
346 2248 480 2322 virides
497 2247 599 2320 radat
617 2245 705 2321 licet
722 2268 792 2317 axe
809 2247 924 2318 citato

152 2390 241 2464 Nou
259 2390 384 2486 auriga
403 2391 505 2487 piger
522 2410 686 2483 campos,
704 2402 742 2459 et
760 2386 887 2460 mollia
904 2401 1007 2482 prata

151 2528 397 2611 Transvolet;
423 2527 590 2601 albentes
605 2527 750 2624 glaciali
770 2528 901 2625 frigore
918 2552 1070 2625 campas
1155 2545 1198 2607 lt)

154 2670 312 2745 Hlberni
330 2683 501 2743 metuens
519 2668 650 2743 cursile
668 2670 783 2767 fugit;
814 2695 899 2746 arva
915 2673 1093 2757 revisens,

151 2810 254 2888 Cum
273 2810 443 2887 Phoebur
458 2811 630 2910 zephyria
647 2811 749 2887 laxat
766 2814 1006 2890 redeuntibus
1022 2840 1144 2897 aurat.

197 2955 287 3029 Non
306 2953 449 3051 itaqua
468 2969 597 3028 terram
616 2957 742 3030 nativo
759 2920 890 3056 frigore
908 2959 1045 3034 durant

150 3096 327 3194 Perpetui
345 3097 457 3170 flatus
475 3096 610 3182 boreae,
628 3096 826 3195 gelidaque
842 3099 914 3172 sub
934 3098 1053 3176 Arcto

148 3238 340 3337 ludigenae
359 3250 506 3332 torpent
526 3237 678 3326 hiemes,
698 3239 789 3311 miro
809 3239 946 3333 impeta
965 3241 1099 3340 Lappa
1148 3261 1191 3325 15

146 3380 261 3455 Radit
275 3379 460 3453 lubricum
476 3379 557 3463 iter,
566 3376 805 3474 solidumque
816 3385 1030 3474 supervolat
1043 3410 1190 3485 aequor.

86 3575 91 3583 .
144 3519 174 3592 F
176 3519 235 3594 urs
250 3520 344 3618 gerit
361 3520 406 3592 ad
426 3520 551 3592 vicum
570 3520 748 3607 calathos,
766 3537 804 3593 et
824 3524 977 3617 parvula
992 3528 1089 3602 ruris

144 3659 254 3735 Dona
273 3662 331 3733 sui
349 3690 359 3746 3
385 3659 510 3733 faciles
528 3661 649 3734 sulcat
666 3660 796 3735 durata
812 3688 876 3759 per
893 3664 1006 3739 undae

143 3800 317 3876 Claustra
335 3801 424 3885 vias,
442 3799 650 3898 solidaque
668 3802 765 3875 nivis
784 3801 905 3878 multo
921 3831 1049 3904 aggere
1072 3836 1193 3889 canos·

143 3944 328 4019 Percurrit
346 3958 510 4017 montes:
539 3944 592 4018 illi
612 3945 789 4019 fidissima
806 3950 949 4041 conjux
1137 3972 1189 4034 ρο
