2670 4836
344 565 477 623 nasu
506 563 782 623 nrouuusns.
854 544 858 553 '
1008 554 1074 627 147

52 738 146 820 Rara
161 748 245 823 fluit
261 751 384 846 supra,
402 752 618 845 coelumque
636 748 821 823 levissima
837 745 965 841 tangit.

52 880 160 985 Saepe
173 893 282 965 etiam
302 892 426 965 videas
444 916 576 988 magno
593 917 632 963 se
649 889 858 982 expandere
876 901 979 960 motu

53 1028 164 1121 Aera,
181 1050 218 1109 et
237 1037 384 1110 admota
401 1037 549 1130 penitus
568 1057 744 1107 rarescere
761 1033 928 1115 flammam

53 1166 183 1248 Latius
201 1176 288 1250 hinc
306 1178 436 1271 implet
453 1178 627 1272 spatium,
647 1176 848 1268 primisque
864 1184 1009 1245 recuset
1033 1181 1081 1245 25

51 1308 206 1389 Finibus
224 1316 363 1390 includi
379 1347 388 1401 ;
405 1318 538 1414 gelidae
558 1331 648 1389 tunc
667 1319 804 1410 impete
822 1328 926 1385 vasto

54 1447 252 1530 Particulae
270 1457 413 1530 circum
431 1457 676 1530 incumbunt:
705 1457 791 1528 hinc
809 1456 936 1528 ordine
954 1453 1065 1527 llabra

56 1590 260 1689 Ventorum
279 1600 446 1687 strident,
465 1622 718 1694 quassumque
737 1623 800 1693 per
817 1602 898 1670 aera
914 1597 1023 1671 saevit

62 1732 210 1826 Natura,
228 1754 277 1824 et,
293 1740 399 1830 justo
416 1741 572 1835 cupiens
590 1743 763 1813 examine
782 1753 905 1812 totum

67 1870 252 1971 Suspendi‚
272 1881 386 1952 varias
406 1894 523 1974 partes
542 1906 688 1976 aequare
708 1882 858 1954 laborat.
1044 1889 1092 1955 30

72 2014 144 2090 Nec
160 2036 232 2094 tam
249 2021 449 2093 contractis
467 2021 649 2093 elementa
666 2024 824 2093 coercita
841 2022 991 2106 normis,

10 2212 12 2221 .
80 2154 166 2246 Quin
182 2187 282 2259 saepe
300 2163 438 2235 alterne
456 2165 535 2258 lege
554 2164 801 2257 hospitiisque
814 2164 994 2247 fruantur,

10 2266 12 2287 Ι
83 2294 167 2386 Quin
184 2305 253 2378 sibi
272 2329 374 2399 saepe
394 2304 529 2375 undam
546 2303 641 2375 sinat
658 2303 893 2375 immiscerier
910 2306 970 2374 aer

85 2438 244 2535 dativus,
263 2447 470 2540 pariterque
488 2470 604 2520 unum
624 2444 827 2518 coalescere
846 2447 882 2515 in
900 2445 1039 2519 orbem.

87 2576 129 2653 At
143 2588 281 2659 tandem
301 2587 429 2659 latices
448 2586 619 2659 hiemalia
635 2588 764 2683 frigora
781 2587 948 2707 densent,
1049 2598 1095 2661 35

89 2716 134 2806 Et,
149 2729 316 2821 quoniam
336 2751 486 2821 superas
503 2728 669 2822 regiones
688 2728 798 2800 rarior
815 2753 901 2800 aura

89 2855 318 2963 Frigidiorque
337 2868 448 2955 fovet,
463 2870 601 2939 coeunt
620 2869 767 2941 circum·
780 2869 946 2962 undique
963 2868 1072 2963 aqu'a'ti

91 2992 288 3091 Paticulae;
316 3009 413 3080 varia
434 3007 517 3078 hinc
537 3009 631 3079 inter
647 3033 685 3079 se
703 2990 854 3080 vincula
871 3023 1037 3098 nectunt,

92 3130 331 3242 collectasque
350 3146 504 3242 implent
523 3145 664 3232 nubes;
693 3162 771 3221 tum
786 3148 944 3245 liquitur
962 3154 1033 3236 ae'r,

93 3274 365 3381 Pracipitesque
378 3288 516 3359 cadunt
528 3289 646 3382 guttis
663 3287 864 3362 subtilibus
882 3290 1026 3366 imbres.
1054 3302 1102 3365 40

91 3416 142 3495 Sin
155 3442 276 3522 guttas
293 3428 420 3501 denset
439 3431 563 3525 frigus,
582 3432 694 3503 simul
713 3432 796 3503 inde
813 3432 964 3528 globosa

92 3558 290 3643 Concrescit
305 3572 461 3668 grand03
489 3573 544 3643 sin
565 3573 681 3645 nubes
700 3575 779 3666 ipsa
795 3574 951 3669 geletur‚

90 3700 214 3783 Tenuia
232 3712 461 3785 descendunt
478 3715 602 3807 specie
620 3715 817 3809 fragmenta
835 3716 960 3790 nivali.

86 3844 180 3939 Quid
199 3853 337 3950 loquar,
357 3867 400 3927 ut
417 3857 528 3927 vitam
548 3858 696 3929 cunctis
714 3859 935 3932 animalibus
953 3862 1014 3933 adr

84 3986 257 4080 Praebeat,
275 4009 318 4070 ut
335 4011 480 4095 vegetas
499 4013 646 4073 tueatur
662 4002 814 4096 spiritus
833 4003 990 4077 herbas?
1058 4016 1104 4077 ts

564 4168 584 4215 r.
601 4154 624 4214 9
